2948 5594
157 845 200 898 111
220 852 247 913 s,
265 851 386 913 ιιι-ιω
404 852 429 914 ι,
450 851 516 899 1-s
632 843 834 901 sucessores
866 860 869 864 ·

688 1005 780 1059 Luuvs

159 1097 294 1163 Meliust
317 1098 420 1163 multo
443 1100 495 1162 mi
519 1119 645 1183 quoque
669 1119 734 1161 una
757 1094 788 1161 si
808 1119 880 1162 cum
905 1097 966 1162 hoc
988 1095 1042 1160 hic
1063 1094 1241 1180 reliqueris.

160 1285 351 1367 Adfatimst.
397 1299 613 1385 Mnesiloche,
641 1217 989 1385 eliliioxellllddncastiga
1011 1299 1176 1366 hominem
1200 1302 1310 1384 probe.

161 1407 244 1490 [Qus
266 1408 438 1474 dedecorat
460 1411 493 1473 te
516 1430 567 1473 me
590 1408 728 1473 amicum
757 1411 854 1492 atque
878 1408 960 1473 ilios
982 1405 1116 1493 flagitiis
1140 1407 1229 1487 suis]

160 1499 201 1580 Ῐιι
224 1520 257 1580 te
281 1536 341 1601 ego
364 1515 427 1581 hoc
446 1537 527 1581 onus
551 1517 645 1580 omne
668 1514 797 1599 inpono.
835 1513 937 1599 Ly'de,
960 1536 1093 1597 sequere
1115 1513 1177 1578 hac
1200 1514 1260 1578 mi.

691 1637 782 1690 Lmva

1177 1709 1311 1793 Sequor.

631 1801 842 1809 —-.--.--——-

586 1931 892 1989 menmtocrrvs

162 2035 385 2114 Inimiciorem
408 2053 494 2113 minc
517 2052 625 2113 utrum
650 2048 778 2113 credim
801 2048 906 2133 magis
1259 2062 1311 2111 500

162 2153 357 2220 Sodilemne
381 2177 452 2220 esse
475 2177 516 2219 an
537 2154 731 2220 Bicehidem
755 2155 914 2219 incertum
938 2154 1152 2219 idmodumst.

163 2312 248 2368 amur
268 2312 439 2368 suasano
458 2313 566 2367 viatur
580 2313 663 2368 asam
677 2312 803 2368 araneo
821 2311 900 2366 arua.
923 2288 1074 2367 vinoun.
1089 2312 1140 2368 soz.
1155 2310 1242 2379 svp.
1258 2314 1317 2366 sss

224 2383 257 2437 V.
272 2388 419 2439 496-499
432 2383 481 2439 tae
495 2385 591 2439 ordine
604 2383 632 2437 A
646 2384 760 2449 miribel,
778 2384 818 2437 sic
832 2384 977 2452 dispositos
990 2383 1018 2436 B
1033 2399 1094 2438 cum
1106 2383 1234 2452 reliquis:
1251 2386 1315 2437 499.

166 2467 371 2520 496.497.198
424 2469 485 2518 496.
496 2462 612 2519 Meliust
620 2467 666 2529 (=
677 2462 714 2518 Μ.
726 2463 790 2530 erit)
802 2461 891 2517 multo
901 2463 1002 2532 scripsi
1011 2464 1078 2519 duce
1088 2465 1224 2518 Muellero
1237 2464 1314 2518 Pras.

161 2562 192 2613 p.
207 2548 273 2600 251.
288 2542 390 2598 Melius
410 2545 485 2598 esset
503 2543 570 2598 libri
584 2548 694 2613 praeter
708 2545 743 2597 A.
763 2556 985 2598 usmusucaro
1000 2543 1041 2609 A,
1059 2542 1224 2599 Riiscnelius
1292 2541 1316 2596 si

163 2640 228 2678 cum
243 2623 298 2678 hoo
312 2622 358 2678 hic
372 2624 479 2693 scripsi.
495 2623 692 2678 smannens.
708 2622 732 2676 si
746 2641 809 2678 oum
825 2622 925 2689 (sicum
937 2623 1005 2691 OD)
1021 2623 1070 2677 illc
1085 2621 1246 2690 BODFZ,
1259 2621 1316 2676 nisi

163 2706 239 2774 qnod
253 2709 317 2773 post
336 2702 386 2757 illo
405 2704 611 2773 aliquantulum
628 2720 735 2759 nasum
751 2705 783 2758 in
796 2705 831 2758 B.
850 2702 897 2756 hio
916 2720 979 2757 eum
995 2703 1043 2758 illo
1057 2704 1232 2760 Ritscbelius.
1252 2720 1314 2758 cum

165 2785 217 2838 illo
237 2784 262 2838 si
280 2783 466 2839 Hermannus.
491 2801 555 2838 cum
574 2782 642 2838 illoc
661 2783 707 2838 hie
726 2784 930 2850 Flecter'senus,
954 2783 1104 2839 Muellerus
1123 2785 1199 2841 itas.
1217 2804 1245 2855 p.
1260 2790 1315 2841 251

239 2863 386 2932 reliqueris
409 2865 508 2934 scripsi
531 2881 565 2918 en
587 2866 614 2918 A
640 2865 683 2929 (in
706 2881 758 2932 quo
779 2880 832 2933 pra
855 2879 874 2917 a
897 2864 1014 2919 secundo
1038 2866 1095 2920 loco
1123 2867 1204 2920 etiam
1228 2881 1240 2919 1
1265 2867 1317 2935 lepi

162 2950 272 3013 potest).
298 2944 468 3011 relinqueres
487 2942 655 3011 BODFZ,
674 2943 845 2997 Ritsctelius.
875 2943 1027 3010 relinquier
1046 2945 1199 3000 Muellerum
1218 2945 1234 2998 l.
1254 2961 1275 2998 s.
1294 2961 1315 2999 s.

224 3022 326 3079 Melius
346 3065 398 3080 ...
417 3040 472 3077 una
490 3024 536 3078 hie
557 3041 620 3076 cum
639 3022 690 3078 illo
709 3024 738 3077 te
760 3022 948 3092 relinquerent
965 3025 1035 3078 idem
1055 3025 1209 3081 Muellerus
1227 3026 1316 3079 codem

166 3106 232 3159 loco.
254 3123 292 3158 an
311 3105 409 3159 melius
424 3108 499 3158 esset
513 3104 602 3157 multo
622 3121 666 3157 me
681 3120 791 3173 quoque
806 3119 862 3156 una
876 3104 900 3157 si
914 3104 1106 3173 relinqueres?
1179 3111 1239 3160 497.
1260 3104 1315 3157 Ad-

167 3184 250 3238 fatim
266 3188 310 3239 est
323 3184 350 3237 B
359 3183 487 3251 00111,
501 3186 559 3238 nisi
572 3185 643 3253 quod
654 3184 776 3238 adeatiru
791 3188 834 3237 est
844 3184 886 3237 D¹
900 3189 982 3250 (corr.
999 3184 1052 3252 D³)
1065 3191 1090 3239 et
1104 3184 1211 3239 affatim
1226 3188 1270 3238 est
1281 3184 1315 3239 F.

165 3278 309 3319 sessuras
323 3265 349 3318 A
412 3264 488 3319 Pers.
509 3265 585 3334 Lydi
603 3268 666 3319 anie
679 3263 852 3318 Mnesiloche
872 3265 936 3318 add.
956 3264 1133 3319 Herrnannus
1193 3281 1258 3319 cura
1277 3265 1317 3334 et]

166 3358 271 3411 cuper
281 3343 308 3397 A
354 3343 480 3397 Adfatim
493 3343 666 3398 Mnesilocho
678 3347 795 3399 comest.
811 3344 878 3413 Lyd.
894 3344 1067 3399 Ritscbclins.
1079 3346 1205 3400 Adfatim
1214 3346 1317 3400 Mnesi-

166 3424 250 3479 locho
271 3427 314 3477 est
332 3441 423 3479 curae.
444 3425 512 3493 lyd.
537 3424 688 3493 Ussinpius.
708 3425 834 3480 Adfatim
848 3424 1010 3479 Mnesilocei
1025 3427 1120 3480 cursat
1137 3427 1317 3482 Buechelerus

166 3506 200 3559 de
215 3505 279 3559 decl.
292 3521 321 3573 p.
338 3508 355 3558 5
409 3504 577 3574 congustiga
592 3504 647 3558 D':
666 3521 682 3557 o
698 3521 759 3573 sup.
774 3524 793 3574 g
809 3512 824 3559 1
840 3507 903 3560 add.
919 3505 974 3560 D':
994 3522 1009 3558 c
1027 3522 1086 3575 sup.
1106 3506 1187 3561 alr.
1208 3507 1318 3576 castiga

169 3584 232 3639 ΡΖ
296 3584 326 3637 V.
346 3589 402 3639 498
420 3585 500 3638 uncis
517 3584 620 3638 inclusi
638 3589 669 3637 ut
687 3585 780 3651 ficium
799 3603 812 3640 e
830 3590 892 3640 377.
914 3590 968 3640 380
1040 3588 1090 3640 Ita
1113 3588 1154 3652 A,
1171 3588 1228 3641 nisi
1246 3590 1319 3657 qnod
1434 3624 1438 3630 -

166 3677 555 3732 onnnooaauuannnmcosu
572 3669 596 3718 ct
610 3678 766 3732 sincerans
813 3666 1019 3731 Quidedecorat
1032 3666 1061 3720 D
1107 3668 1136 3721 te
1150 3685 1194 3721 me
1213 3668 1319 3722 amicos

166 3749 254 3812 atque
278 3746 345 3799 libri
364 3750 476 3813 praeter
498 3746 533 3798 A.
562 3762 606 3798 mo
631 3747 658 3798 te
683 3745 802 3799 amicum
827 3748 911 3814 utque
935 3746 1108 3800 Bitsclceliua.
1135 3748 1163 3800 te
1186 3764 1231 3800 me
1250 3748 1317 3801 ami-

168 3841 275 3892 cosque
295 3824 485 3891 Camerarius,
503 3824 646 3879 Bentlcius
727 3824 791 3879 aliis
813 3827 844 3880 in
863 3826 933 3880 alios
952 3842 1021 3880 corr.
1041 3844 1056 3881 o
1075 3843 1150 3893 supr.
1167 3828 1271 3894 scriptu
1289 3827 1319 3879 D

253 3910 313 3958 499.
334 3906 384 3958 Ita
402 3907 443 3969 A,
461 3906 517 3958 crisi
535 3906 607 3974 quod
625 3917 765 3971 secuntus
857 3906 917 3959 Inte
936 3906 998 3959 BD
1083 3907 1147 3973 ogo]
1167 3921 1233 3974 ergo
1252 3907 1319 3960 libri

165 3989 278 4054 practer
295 3985 337 4049 A,
358 3985 504 4038 Muellerus
521 4000 551 4053 p.
571 3989 608 4039 19
681 4001 749 4038 onus
768 3985 821 4039 hoe
840 3985 1005 4040 Ritscbelins
1023 4002 1084 4040 cum
1102 3985 1264 4039 Hermanno

169 4066 286 4132 impono
307 4065 338 4117 Ζ.
358 4063 460 4133 inpone
479 4063 515 4117 B.
535 4063 647 4133 impone
668 4063 762 4118 ODF

242 4154 303 4208 Act.
323 4153 382 4206 ΠΙ
398 4158 533 4208 scaena4
605 4153 713 4208 Novam
737 4171 863 4210 scaenam
887 4155 1036 4208 ordiuntur
1059 4154 1125 4207 libri
1144 4151 1318 4207 MNESILO-

168 4241 238 4296 cvs
258 4241 499 4296 ADOLESCENS
518 4243 680 4311 inemptam
699 4245 730 4297 n
748 4245 789 4308 a,
807 4228 888 4296 uun
906 4240 978 4296 auor.
1002 4243 1033 4295 n
1051 4240 1102 4307 rr,
1129 4241 1318 4296 Mnesilochus

168 4322 335 4377 adolescens
349 4324 381 4376 in
391 4323 452 4376 Fu
464 4323 533 4385 (nisi
543 4324 616 4392 quod
626 4323 700 4376 adul.
712 4324 763 4391 F),
772 4325 950 4392 inscriptione
965 4328 1097 4376 carentem
1113 4324 1145 4376 in
1155 4323 1184 4377 0.
1195 4324 1280 4377 nnius
1293 4341 1317 4378 0.

167 4412 347 4465 interuallum
357 4416 394 4466 cet
404 4413 436 4465 in
445 4413 486 4464 A:
501 4417 598 4466 contra
613 4411 793 4466 Ritecbelium
806 4414 854 4481 qui
863 4414 934 4466 lianc
944 4427 1070 4466 emenoni
1080 4430 1140 4467 cum
1150 4414 1319 4467 arnccedenle

168 4493 316 4560 coniunpil
335 4493 370 4556 cf.
382 4492 543 4561 Spenpelius
558 4492 813 4561 ‘Sitrunpsbericbte
828 4495 875 4546 der
890 4494 966 4562 bapr.
978 4491 1079 4548 Acad.‘
1091 4497 1166 4548 1883
1176 4511 1206 4561 p.
1218 4498 1274 4548 274

169 4576 232 4626 500.
253 4570 446 4625 MNESILOG'
461 4588 565 4640 praem
583 4572 617 4638 Ο,
635 4572 662 4624 M
678 4571 721 4624 D²
793 4574 842 4627 Ila
857 4573 897 4638 A,
912 4573 968 4627 nisi
985 4574 1057 4641 qnod
1077 4587 1276 4640 iuraueroamu
1295 4578 1319 4626 el

169 4665 281 4717 oraora
353 4650 537 4705 Immitiorem
557 4652 592 4705 B.
611 4650 781 4706 Immitioro
805 4653 840 4705 D.
861 4652 984 4706 inmitior
1002 4658 1017 4708 0
1038 4670 1099 4708 cum
1117 4659 1187 4722 spat.
1206 4653 1267 4705 init.
1290 4652 1317 4705 0.

169 4729 343 4785 Amiciorem
355 4732 389 4796 Z,
404 4732 508 4786 Densa.
526 4733 557 4785 ln
566 4731 636 4786 uitio
648 4732 684 4797 F,
699 4734 755 4788 cod.
771 4734 914 4802 Scaliperi,
928 4735 983 4789 duo
998 4735 1064 4788 libri
1073 4733 1212 4786 Lambini.
1227 4748 1318 4784 verum

169 4811 346 4865 mamiliam
356 4810 510 4865 Lambinus
564 4810 627 4865 Non
638 4811 720 4865 uideo
736 4830 807 4866 uuna
818 4814 911 4865 utrum
927 4811 1039 4865 credam
1054 4809 1214 4864 amiciorem
1229 4810 1319 4878 magis

168 4909 182 4945 e
196 4891 256 4945 cod.
274 4893 354 4957 affert
365 4891 524 4944 Sombucas.
541 4890 722 4945 Amissiorem
736 4909 808 4945 nunc
823 4892 929 4944 utinam
946 4891 1058 4944 credam
1068 4888 1158 4955 magis
1172 4890 1320 4958 adscripsit

173 4971 301 5041 Scaliper
380 4977 439 5025 001.
461 4985 756 5040 assumeacoammu
776 4974 802 5025 A
876 4972 997 5026 sodalem
1017 4987 1052 5022 ne
1072 4970 1099 5022 B
1172 4969 1322 5024 admodum
