2948 5594
643 863 829 918 APPENDIX
1247 863 1311 928 123

234 1013 295 1064 697.
329 1009 398 1062 Atre
417 1008 446 1061 te
465 1007 555 1076 agitet
573 1003 712 1060 carnificis
734 1005 782 1074 pix
802 1006 925 1063 Guietns
963 1008 1033 1061 sera
1050 1007 1098 1076 pix
1117 1007 1192 1077 apud
1211 1023 1306 1062 curnu-

138 1089 241 1165 'ficem
264 1086 356 1158 agitet
382 1088 511 1143 Bossehn.
548 1085 618 1140 Atre
640 1085 687 1155 pix
710 1090 778 1156 aget
800 1103 825 1141 u.
845 1104 869 1142 e.
894 1087 1056 1142 Weidnerns
1078 1087 1191 1143 Adsere.
1211 1091 1307 1157 1232.

163 1167 213 1222 l'ix
232 1168 322 1237 agitet
340 1169 415 1238 apud
434 1185 457 1221 c.
483 1167 633 1239 Vssinyins.
654 1197 686 1207 -
707 1165 744 1219 ud
763 1168 926 1222 curnefioom
948 1166 1106 1238 (leopertus.
1128 1167 1305 1222 7668161-

161 1248 224 1303 uiue
243 1249 393 1303 Bentleius.

232 1334 292 1384 600.
327 1328 399 1394 Quid
422 1327 446 1382 si
470 1327 544 1381 hunc
566 1326 651 1382 hodie
670 1327 829 1397 (leopertus.
857 1326 930 1392 Quid
949 1327 1010 1384 alst
1030 1325 1097 1396 quid
1116 1328 1140 1382 si
1159 1328 1308 1398 Seyffertus

161 1409 260 1464 Philol.
279 1415 298 1463 t.
320 1407 451 1462 XXVII
467 1425 498 1476 p.
517 1412 571 1462 441
591 1407 794 1476 Muellernsque
812 1407 889 1462 Peos.
906 1424 936 1477 p.
956 1409 1010 1461 548
1028 1408 1092 1462 adn
1127 1408 1167 1464 Ar
1182 1408 1307 1477 profices-

161 1489 275 1544 eendnm
294 1489 328 1544 eh
346 1488 447 1543 Hercle
464 1489 603 1556 scriptura
621 1489 662 1542 uel
680 1488 707 1541 B
726 1488 798 1542 duee.

232 1573 292 1624 602.
312 1566 388 1623 solus
408 1566 499 1622 solum
517 1568 546 1621 te
566 1568 629 1622 uolo
640 1567 819 1634 Kellerhofins
837 1567 869 1622 de
888 1568 977 1622 collos.
993 1568 1061 1623 verb.
1079 1566 1125 1620 Pl.
1139 1567 1179 1620 ed.
1195 1566 1308 1638 Areent.

159 1665 184 1701 a.
205 1651 280 1702 ssss
294 1663 325 1718 p.
345 1650 468 1715 3561).

232 1733 292 1782 606.
325 1727 496 1782 Mordicibus
516 1727 646 1797 Pylades:
666 1729 701 1795 ef.
723 1727 859 1783 Gruterus
877 1726 983 1797 Suspic.
1008 1727 1062 1795 VI,
1081 1731 1123 1782 14.
1152 1758 1185 1766 -
1218 1742 1309 1795 neque

159 1823 233 1861 nunc
256 1807 304 1875 pol
328 1823 373 1861 me
395 1805 523 1862 insanum
544 1808 696 1863 Muellerus
718 1808 796 1862 Pros.
812 1824 843 1876 p.
863 1809 926 1864 543.
951 1823 1042 1876 neque
1060 1807 1108 1876 pol
1130 1807 1161 1860 tu
1181 1806 1308 1861 insanum

162 1903 205 1942 me
225 1886 386 1957 Geppertus.
406 1919 439 1926 -
459 1903 550 1957 neque
569 1887 618 1958 pol
636 1905 680 1943 me
699 1887 827 1943 insanum
847 1888 963 1942 creduis
983 1903 1053 1954 esse,
1072 1885 1163 1956 Hegio
1184 1885 1307 1943 Gnietus.

230 1972 290 2022 601.
311 1967 410 2021 uinciri
428 1966 495 2022 ilico
517 1968 667 2022 Muellerus
688 1968 766 2023 Pros.
782 1971 890 2037 p.191.
910 1968 954 2023 De
972 1986 995 2023 v.
1015 1973 1082 2036 606,
1100 1969 1150 2022 echi
1168 1966 1308 2021 uinciatur

161 2063 272 2102 mecum
292 2047 416 2114 Guietes,
434 2049 469 2114 es.
489 2048 555 2104 ibid.
573 2065 601 2116 p.
622 2053 678 2103 697
685 2064 722 2117 sq.

231 2141 292 2191 611,
313 2137 454 2192 obnuiesl
474 2138 525 2193 ΤΥ.
541 2136 605 2190 Tibi
619 2154 671 2206 ego
687 2137 812 2192 obnutol
831 2136 885 2192 Hes.
902 2135 975 2202 Quid
989 2140 1058 2206 agat
1076 2137 1141 2193 si-
1155 2136 1206 2190 Tr.
1227 2135 1311 2190 Absis

159 2215 286 2284 lougius!
310 2217 436 2271 Bothiies.
461 2216 526 2273 Post
544 2217 648 2272 abnuto
668 2218 722 2272 duo
746 2219 914 2273 hemistichia
932 2217 1102 2273 intercidisse
1120 2217 1311 2272 secessiones

158 2297 334 2364 siqnifieueit.

232 2380 292 2429 614.
313 2392 369 2443 quo
388 2376 550 2430 Lunshinus.
571 2376 644 2445 quod
663 2377 716 2443 des.
738 2377 895 2434 Gronovius
913 2380 950 2433 ed
969 2378 1031 2433 Lio.
1055 2377 1087 2447 V,
1106 2382 1148 2432 34.

232 2461 293 2510 616.
322 2459 449 2511 armentu
474 2457 589 2511 retinere
616 2457 781 2514 studuerunt
807 2459 949 2514 Meursius
972 2459 1071 2514 Exere.
1096 2460 1156 2512 erit.
1182 2459 1245 2527 lp.
1266 2463 1312 2526 67,

160 2535 309 2590 ele-idalius
328 2536 392 2591 Dio.
410 2554 440 2604 p.
458 2540 516 2591 210
539 2538 673 2602 (ceterum
697 2538 761 2592 add.
782 2543 847 2606 post
865 2539 992 2608 absunt),
1021 2539 1151 2593 Muretus
1178 2540 1209 2592 in
1232 2539 1309 2606 epist.

159 2616 197 2669 ed
217 2614 252 2668 P.
272 2616 304 2669 de
323 2615 430 2671 Nolhae
449 2618 500 2682 (ed.
522 2616 677 2686 ‘Melunecs
695 2616 805 2672 Gruiex’
829 2619 921 2673 Paris.
933 2637 959 2674 u.
971 2623 1045 2673 1884
1060 2635 1089 2687 p.
1101 2620 1177 2686 386),
1192 2619 1310 2673 Bothius

159 2697 300 2760 (armentu
318 2695 428 2750 adsient
441 2697 581 2764 scribens),
600 2697 658 2752 alii.
675 2699 840 2751 ornamenta
859 2699 911 2766 def.
929 2697 1102 2753 Generosius
1121 2697 1228 2766 (absint
1241 2701 1307 2754 seri-

159 2775 587 2842 ocris),1)ousa0entur.c.1s
612 2775 742 2845 (adsint),
766 2777 934 2845 Selinusiae,
958 2778 1084 2834 Schottus
1109 2778 1215 2832 (theeri.
1241 2778 1267 2831 V
1284 2783 1309 2846 6,

160 2855 303 2910 Bentleins
317 2857 355 2911 uel
376 2857 435 2912 Ter.
456 2857 557 2912 Heunt.
571 2857 623 2909 IV
640 2862 666 2925 7,
685 2863 713 2924 3,
730 2857 844 2912 Bestius
866 2858 962 2927 (ipsese.
984 2858 1004 2910 I
1016 2859 1202 2927 p.11.‘l‚uh'i.
1222 2858 1308 2911 hosti·

159 2939 257 2989 ments
281 2939 326 3005 (=
344 2937 456 3005 hostiae,
478 2939 578 3007 ornnes)
597 2934 643 2993 E:
661 2954 726 2991 nenn
744 2939 892 2992 sententiae
916 2939 968 2992 loci
986 2938 1151 2993 contradicit
1173 2939 1205 2992 de
1223 2938 1310 2992 Aiace

162 3015 286 3070 scaenico
305 3018 429 3086 cenitari.

235 3100 295 3150 611.
325 3112 377 3166 ego
402 3113 511 3151 sucrum
535 3098 609 3151 inter
628 3113 781 3167 sexumque
802 3095 926 3152 Guietns.
946 3095 1019 3151 inter
1038 3113 1091 3152 os.
1112 3113 1164 3166 ego
1183 3098 1307 3152 Bethius.

161 3192 214 3243 ego
234 3175 285 3229 det.
306 3176 457 3245 Geppertus
477 3179 519 3243 (ef.
540 3177 705 3232 Ritschelius
726 3178 832 3247 Proles.
848 3195 878 3245 p.
900 3176 1072 3245 CXXVII).
1109 3177 1221 3231 Versum
1240 3178 1307 3233 corel.

165 3254 226 3308 Ges.
253 3253 320 3322 Vl,
339 3260 375 3309 36
395 3257 511 3324 (Aruhr.)
532 3258 634 3312 delebat
655 3260 783 3312 Osannus
802 3259 886 3311 Arsesl.
902 3274 932 3326 p.
952 3261 1018 3312 203.
1054 3256 1174 3312 Ceterum
1192 3259 1227 3324 ef.
1247 3260 1307 3312 Ior-

163 3336 255 3390 danus
276 3335 362 3389 ‘Kree
382 3337 470 3390 Beitr.
491 3353 512 3391 e.
534 3337 627 3393 Geseh.
647 3339 672 3392 d.
693 3340 740 3393 let.
760 3338 834 3406 Spe)
854 3356 882 3407 p.
901 3343 963 3393 179.

235 3422 294 3471 620.
329 3414 389 3471 Hoc
414 3418 462 3471 sed
485 3416 606 3487 primum
626 3435 672 3472 me
693 3419 817 3473 Gnietus.
851 3419 905 3472 Sed
930 3434 974 3472 me
993 3418 1047 3472 hoe
1067 3417 1187 3486 primum
1207 3419 1307 3472 Linde·

161 3513 288 3551 hiantius.
309 3495 362 3550 Sed
382 3497 454 3552 istue
473 3499 593 3568 primum
612 3517 655 3553 me
675 3499 802 3554 Bossehn.
837 3498 892 3552 Sed
915 3499 1035 3568 primum
1060 3499 1112 3552 hoc
1130 3498 1195 3552 med
1214 3497 1308 3552 Flect-

160 3579 268 3630 eisenus
295 3581 385 3647 (atque
408 3577 530 3646 primum
557 3579 612 3633 hoc
636 3581 750 3633 retinnit
769 3579 934 3634 Ilitsehelius
953 3580 968 3633 l.
988 3596 1009 3632 s.
1028 3595 1063 3633 s.:
1091 3580 1126 3644 ef.
1157 3579 1308 3632 Muellerus

162 3657 240 3710 Pros.
258 3674 287 3724 p.
308 3661 382 3724 321).
403 3657 457 3710 Sed
475 3658 547 3713 istue
566 3659 686 3728 primum
705 3657 744 3714 M.

233 3741 294 3789 626.
314 3735 468 3806 deliquium
481 3737 643 3793 Gulielmius
663 3739 713 3808 Qu.
724 3740 756 3792 in
767 3739 844 3808 Cant.
855 3757 885 3808 p.
896 3742 957 3794 357.
979 3738 1020 3805 Os.
1031 3738 1179 3809 Lanyenus
1196 3737 1306 3792 ‘Beitn’

156 3835 186 3886 p.
207 3819 275 3870 221.

233 3901 293 3951 629.
313 3897 344 3950 tu
362 3895 392 3950 id
411 3896 464 3951 scis
484 3898 640 3967 Geppertus.

234 3981 293 4031 631.
320 3978 372 4030 het
391 3980 443 4046 egi
465 3979 493 4031 le
513 3976 595 4032 uideo
614 3977 704 4033 maior
729 3980 863 4034 maiorem
881 3977 1019 4033 Bothlns¹.
1044 3974 1082 4030 At
1100 3992 1153 4043 ego
1172 3977 1200 4029 te
1219 3974 1310 4030 maior

160 4055 296 4110 iuniorem
316 4057 398 4111 uideo
414 4057 555 4113 Bothius³.
587 4059 625 4110 At
643 4075 695 4128 ego
715 4060 742 4113 te
761 4061 894 4114 maiorem
908 4058 990 4112 uideo
1005 4056 1094 4110 maior
1110 4056 1307 4111 hleehnsenus.

159 4138 199 4190 At
218 4152 271 4205 ego
289 4139 317 4190 te
337 4137 419 4191 uideo
438 4138 680 4194 maiorem-maior
696 4140 826 4207 Guietus,
844 4138 985 4193 Bentleius
1003 4137 1158 4206 obloquente
1177 4136 1308 4207 Seyfferto

159 4219 176 4271 l.
197 4233 218 4273 s.
239 4221 406 4285 s.p.1350.
441 4218 535 4273 Possis
563 4222 644 4274 etiem
677 4221 714 4274 At
742 4236 794 4289 ego
818 4219 865 4288 pol
890 4220 918 4271 te
936 4236 963 4271 u.
983 4236 1019 4272 m.
1039 4235 1075 4272 m.
1097 4251 1127 4260 υ-
1153 4233 1187 4271 en
1213 4234 1307 4271 rusum

162 4296 366 4352 h'leeheisenus.

233 4382 294 4432 633.
313 4377 414 4432 Fuitne
434 4377 500 4432 huic
518 4379 558 4433 ibi
575 4382 658 4449 peter
676 4381 826 4436 Muellerus
851 4378 989 4434 ‘Nachtr.'
1013 4396 1042 4448 p.
1056 4384 1093 4434 64
1112 4380 1193 4433 adn:
1216 4383 1251 4446 et.
1272 4380 1309 4434 ud

157 4476 182 4512 e.
204 4459 268 4511 555.

234 4542 294 4591 636.
323 4537 435 4606 quiesce
458 4540 490 4594 tu
513 4538 634 4595 dierecte
657 4540 819 4596 Lanshinns.
848 4539 967 4610 quiescis
987 4540 1120 4607 diensis,
1141 4558 1162 4594 e.
1183 4559 1228 4607 m.‚
1246 4542 1256 4594 i
1275 4557 1308 4594 ae

159 4617 290 4671 Muretus
306 4617 370 4672 Ver.
391 4619 447 4674 leet.
468 4620 564 4689 XIX,
583 4627 600 4676 9
618 4638 651 4676 ere
671 4621 762 4676 ‘libris
784 4622 953 4677 emendetis'.
975 4621 1017 4689 Cf.
1037 4621 1150 4675 Ilostius
1171 4621 1267 4689 opusc.
1289 4621 1309 4672 Ι

156 4717 186 4767 p.
194 4701 259 4763 120,
277 4697 478 4754 Scheemnnnus
494 4700 666 4755 ‘Redetheile’
675 4719 704 4770 p.
717 4707 751 4757 54
761 4704 837 4770 adn,
847 4703 990 4757 Palinurus
1000 4702 1140 4755 Herniuth.
1154 4701 1184 4753 Χ
1188 4717 1218 4768 p.
1227 4703 1264 4753 65
1269 4715 1306 4768 sq.

235 4784 287 4832 639
295 4794 349 4847 sqq.
367 4777 476 4833 Turbes
491 4781 617 4849 perpexit
626 4781 746 4836 Brieius
756 4783 871 4836 Emeruit.
891 4784 921 4835 in
933 4782 1010 4852 Oept.
1030 4784 1079 4849 (cd.
1091 4781 1307 4849 Liene.1862)

156 4877 186 4928 p.
208 4864 226 4913 7
236 4876 285 4927 sq„
304 4859 353 4911 uehi
370 4876 395 4912 e.
416 4864 467 4913 640
488 4863 549 4930 (641
570 4863 609 4915 ed.
627 4860 685 4927 Fe.)
700 4878 738 4931 sq.
753 4865 817 4929 post
835 4879 859 4915 v.
874 4867 925 4915 644
943 4864 1016 4930 (646)
1035 4861 1133 4915 reiecit.
1153 4860 1207 4913 Sed
1225 4861 1309 4914 inulto

162 4939 259 5008 aptitus
277 4955 302 4992 e.
323 4943 374 4992 646
394 4942 468 5008 (640)
488 4946 551 4996 ente
568 4958 592 4995 e.
613 4947 664 4995 646
683 4942 824 5009 pelsinus,
842 4943 891 4997 ubi
908 4948 932 4997 et
949 4943 1079 5008 facillime
1097 4940 1186 4995 ensitti
1199 4944 1310 5008 poterat
1333 4950 1339 4961 ⁴

162 5023 276 5090 propter
294 5019 366 5074 idern
382 5021 554 5092 principium
578 5021 656 5091 (Sed)
680 5026 705 5076 et
722 5023 821 5091 optime
838 5024 876 5077 ud
893 5040 917 5077 v.
937 5027 988 5076 646
1008 5022 1082 5090 (644)
1105 5021 1263 5076 sententium
1281 5036 1308 5074 se
