2948 5594
162 314 226 378 152
482 396 484 400 .
640 309 826 365 APPENDIX
1167 314 1306 364 sss-ser

160 477 225 530 Des.
244 474 395 529 Heraldus.
432 472 511 526 Inter
534 473 658 540 emptast
680 477 705 526 et
723 471 833 525 modius
852 473 1034 543 distinquebat
1052 471 1221 537 Acidalins,
1238 473 1307 526 inter

163 555 228 609 uilis
250 561 275 608 et
299 557 411 622 emptus
435 555 478 607 est
502 552 595 606 modio
615 552 781 617 Salmasius,
802 553 881 607 cuius
898 553 1107 622 explicationem
1125 553 1250 621 ineptam
1267 569 1308 606 re-

161 635 235 689 coxit
259 634 441 701 Gruupnerus
468 633 500 685 de
527 634 642 700 metaplr.
664 650 694 701 p.
713 637 758 687 13.
794 632 876 686 Niliil
898 634 1073 701 profecerunt
1100 633 1307 701 interpretando

161 715 316 768 Lambinus
340 713 384 780 (de
407 714 620 783 interropatioue
638 713 784 781 copitans),
808 709 887 765 Hier.
907 712 1085 767 Mercurialis
1107 715 1188 782 apud
1206 713 1307 767 Acida-

162 795 239 857 lium,
257 793 405 846 Aeirlalius
419 794 486 861 ipse,
508 793 635 856 Pistoris,
653 794 713 846 alii.
741 793 878 861 Loquitur
892 794 925 846 de
938 795 1042 861 epreqio
1057 795 1148 847 amico
1163 796 1219 848 uiri
1234 800 1258 848 ct
1272 795 1306 846 orl

161 875 282 927 madium
305 873 372 925 salis
395 873 427 925 iu
449 873 575 927 ansicitia
598 874 769 927 aestimanda
790 873 940 926 sollemnem
963 873 1089 927 alludens
1110 875 1236 927 modium
1258 890 1307 942 quo

162 958 256 1007 veneat
276 969 372 1005 carum
390 969 444 1005 esse
461 953 599 1021 queritur,
622 954 723 1022 qnippe
743 954 792 1021 qui
810 957 909 1006 emutat
927 953 959 1006 in
977 951 1059 1008 libero
1078 954 1138 1007 loca
1153 955 1307 1021 praebrisdo

162 1033 315 1100 officiisque
342 1033 487 1085 similibus.
526 1030 569 1098 Os.
593 1032 771 1087 Schneiderus
798 1034 831 1086 de
853 1033 976 1100 proverb.
995 1049 1026 1100 p.
1047 1037 1090 1086 19.
1129 1032 1204 1087 Mon
1225 1031 1308 1085 Miror

163 1113 230 1167 hino
249 1120 316 1181 (pro
335 1111 399 1178 huc)
418 1111 476 1165 ism
494 1112 599 1168 Dousa.
620 1142 652 1150 —
668 1113 715 1165 Aa
732 1129 756 1167 o.
776 1117 826 1166 511
847 1113 906 1178 (ubi
923 1111 1042 1166 55555515
1060 1111 1163 1180 opinor
1184 1113 1308 1180 Guietur)

163 1197 197 1262 cf.
217 1195 369 1264 Lanqenus
389 1193 500 1249 ‘Beiln’
518 1212 548 1263 p.
567 1201 585 1247 9
609 1194 670 1260 (ubi
688 1194 825 1261 Gepperli,
845 1208 902 1246 ison
920 1192 1029 1256 Botbii,
1046 1208 1168 1247 errorem
1186 1195 1308 1261 corripit)

163 1280 188 1328 et
215 1274 413 1328 Laclimannus
440 1273 471 1326 in
503 1273 587 1327 Lucr.
615 1290 642 1340 p.
671 1276 741 1339 339,
769 1272 806 1326 ael
833 1289 857 1325 u.
885 1277 937 1325 542
969 1271 1082 1327 Olsenus
1109 1289 1142 1341 p.
1167 1276 1202 1326 81
1232 1273 1308 1340 (ibid.

161 1367 303 1420 miuus
322 1354 382 1420 As)-
1002 1404 1005 1410 .

253 1437 305 1487 543
314 1449 352 1502 sq.
376 1449 421 1486 me
445 1431 538 1487 oriuib
561 1436 593 1487 ut
617 1434 680 1486 bum
698 1433 771 1487 istuc
789 1433 826 1487 ud
843 1435 873 1487 to
892 1433 1018 1486 adiutum
1036 1434 1091 1500 def.
1111 1432 1308 1488 laclrnrnnnur

163 1517 195 1569 in
212 1514 296 1568 Lucr.
317 1531 347 1583 p.
366 1516 433 1568 290.
471 1512 1113 1568 5555115551555151555515555555,
1156 1531 1200 1566 rue
1220 1512 1309 1566 orauit

164 1595 236 1650 istuc
261 1594 296 1648 ad
321 1595 349 1647 ts
373 1592 500 1646 adiutum
524 1595 556 1646 ut
573 1593 692 1646 Bolliius
710 1599 806 1662 postea
825 1595 917 1647 ceteris
934 1595 1048 1648 servatis
1066 1592 1144 1645 Istuc
1164 1595 1197 1646 in
1216 1610 1241 1648 e.
1262 1598 1308 1646 511

163 1676 276 1730 initium
299 1673 443 1740 traiciens,
465 1677 496 1727 ut
519 1670 564 1723 Ad
587 1674 615 1726 be
641 1672 831 1729 Fleckeisenus
853 1675 928 1727 Anu.
951 1674 1018 1742 plril.
1038 1673 1119 1725 LXI
1138 1691 1168 1741 p.
1190 1677 1236 1738 51,
1255 1691 1310 1725 mn

162 1755 200 1825 pd
217 1754 265 1809 ted
284 1755 346 1823 (del.
365 1751 448 1821 istuc)
470 1752 597 1817 ll'eisius,
616 1756 648 1806 ut
666 1754 737 1806 istuc
756 1754 817 1828 (clei.
838 1757 910 1820 earn)
928 1753 1088 1821 nescioquis,
1107 1751 1185 1806 istuc
1205 1756 1235 1806 te
1253 1755 1310 1818 (dcl.

163 1835 210 1904 ud)
231 1833 384 1903 Geppertus
401 1834 549 1901 scripserit.
579 1832 621 1899 Os.
643 1834 795 1887 Muellerus
813 1833 890 1887 Pros.
906 1851 935 1902 p.
954 1837 1019 1887 332.
1035 1863 1069 1872 -
1084 1847 1247 1888 nimiunn-r
1266 1835 1310 1888 As.

164 1945 197 1956 —
221 1915 253 1971 V.
274 1918 326 1969 544
350 1932 413 1968 eum
431 1919 495 1982 post
515 1912 568 1967 Vin
593 1913 728 1984 Pylades,
751 1912 831 1967 illum
851 1919 913 1981 past
932 1911 991 1966 siue
1010 1913 1075 1966 olim
1093 1913 1218 1967 Botbius
1239 1918 1310 1983 (post

164 1994 219 2049 Vin
247 1996 324 2064 alli),
348 1999 410 2062 post
439 1993 463 2046 si
488 1993 663 2048 Camerarius
689 1993 753 2058 illa,
781 1993 931 2062 Geppertus
959 1997 1048 2046 aulem
1076 2009 1169 2059 nunc,
1199 2001 1265 2047 ante
1291 1994 1312 2047 si

164 2075 331 2130 Ritscbelius
354 2073 473 2138 arcessi,
496 2078 559 2127 onte
583 2072 671 2126 otium
694 2076 738 2126 est
760 2073 929 2139 Isendijlrius
952 2073 983 2126 de
1010 2071 1096 2126 Persa
1111 2091 1145 2142 p.
1164 2079 1204 2128 96
1228 2074 1311 2126 Immo

166 2155 202 2223 ei,
223 2155 367 2224 Vssinpius
386 2158 474 2207 autem
490 2152 580 2207 Immo
600 2155 671 2218 (cum
689 2153 768 2206 biatu
786 2157 811 2205 et
829 2153 887 2205 sine
905 2155 1028 2218 caesura)
1047 2153 1152 2219 suppl„
1171 2169 1234 2206 curn
1253 2154 1313 2206 nolo

165 2235 314 2299 Gruterus,
338 2232 397 2286 eine
421 2232 550 2285 Kloteius
576 2233 659 2286 ‘Altn
684 2231 778 2285 Metr.'
796 2248 825 2299 p.
840 2236 896 2286 211
915 2231 1050 2284 iterarint.
1071 2261 1103 2271 -
1124 2231 1312 2304 <551>5κ5>

164 2316 314 2385 Seyffertus
334 2330 401 2367 cens.
417 2330 447 2381 p.
463 2316 520 2367 237
535 2314 599 2366 adn.
634 2310 675 2378 Os.
690 2311 840 2366 Koeblerus
858 2312 890 2364 de
907 2315 1005 2379 septen.
1024 2311 1108 2366 trocb.
1122 2329 1151 2379 p.
1168 2316 1206 2366 62
1215 2329 1270 2381 sqq.
1281 2341 1311 2351 -

165 2405 419 2461 smppsurpuono
443 2397 467 2445 et
491 2405 644 2446 onrumnsu
668 2393 716 2445 As.
736 2422 770 2428 -
788 2390 1047 2445 1155546551
1071 2391 1209 2447 Handius
1235 2392 1310 2446 Turi.

166 2475 229 2528 ΙΙΙ
242 2492 272 2543 p.
292 2477 358 2527 462.
378 2503 412 2511 -
431 2471 461 2526 V.
484 2477 534 2526 547
554 2470 617 2539 Nun
637 2475 722 2540 opust
740 2488 806 2540 ergo
826 2470 948 2524 Guietus.

255 2559 315 2607 550.
344 2551 465 2620 improbi
494 2555 522 2605 et
549 2550 675 2606 edentuli
705 2551 885 2605 Cesnmrarius.
923 2549 1043 2618 improbi
1071 2551 1160 2618 utque
1189 2550 1311 2604 edentuli

172 2635 291 2687 ll'eisius
319 2634 432 2700 itemque
459 2632 516 2699 (scd
544 2630 678 2699 hirquini)
704 2632 869 2686 Ritsclielius
895 2631 990 2698 Opusc.
1013 2630 1052 2683 II
1069 2647 1099 2698 p.
1121 2637 1188 2686 680.
1228 2630 1311 2684 netuli

166 2715 291 2768 edentuli
316 2712 437 2782 improbi
457 2712 580 2765 Koelu'us
599 2715 673 2765 Anu.
690 2713 760 2780 phil.
781 2710 833 2765 CV
846 2728 875 2778 p.
896 2715 958 2764 elo.
995 2708 1117 2778 improbi
1143 2710 1311 2763 5115115155-

167 2794 219 2847 tuli
240 2796 382 2847 Palmerus
402 2793 542 2845 Hermatl.
563 2793 614 2845 XI
628 2809 655 2858 p.
671 2797 732 2846 310.
770 2790 890 2859 improbi
910 2788 1065 2843 edenintuli
1085 2789 1217 2844 Laeuius
1232 2792 1311 2843 Amrl.

167 2876 210 2928 Pl.
232 2891 261 2942 p.
287 2877 352 2928 205.
390 2874 452 2925 Alii
480 2873 538 2924 alia
567 2873 648 2940 (uelut
676 2873 757 2925 varia
784 2888 866 2938 eaque
893 2871 991 2924 uitiosa
1019 2875 1133 2938 temptat
1165 2872 1312 2923 Muellerus

167 2956 246 3008 Pras.
263 2972 292 3022 p.
312 2958 379 3007 551.-
404 2954 439 3018 cs.
463 2952 598 3005 Lucis-ius
622 2953 654 3004 in
677 2952 795 3006 Studem.
821 2951 898 3004 51551.
920 2951 941 3002 Ι
958 2967 988 3018 p.
1007 2953 1064 3015 27).
1102 2950 1176 3003 Mon
1195 2951 1249 3004 hoc
1269 2951 1310 3018 qui

168 3032 239 3085 mihi
258 3033 321 3085 trai.
343 3032 499 3101 Geppertus.
540 3030 581 3096 Cf.
602 3032 639 3085 ad
657 3049 681 3086 v.
701 3035 765 3085 552.

259 3117 309 3164 552
321 3130 358 3180 sq.
379 3110 518 3164 cutilutim
538 3111 627 3165 Valla.
666 3109 841 3164 catillutricis
863 3110 985 3164 Guietus.
1024 3109 1138 3163 55111155
1158 3112 1220 3163 tum
1236 3113 1311 3163 eb'om

167 3193 330 3255 Lambinus,
348 3192 455 3256 Densa,
474 3192 541 3244 olii:
565 3192 598 3258 cs.
619 3191 764 3245 Funclrius
783 3192 813 3242 in
831 3190 984 3256 ll'aelfflini
1002 3191 1104 3243 Archia
1126 3192 1145 3242 l
1151 3190 1178 3242 V
1185 3209 1216 3259 p.
1233 3196 1270 3244 53
1278 3208 1311 3259 sq.

168 3304 202 3313 -
220 3271 358 3341 flagitium
384 3271 411 3323 id
437 3270 557 3324 hominis
584 3271 743 3339 Geppertus.
780 3269 918 3334 flagitium
942 3269 1068 3323 hamonis
1092 3269 1230 3324 Vsenerus
1258 3289 1312 3325 eum

167 3353 295 3422 Berqlria
334 3351 374 3417 Os.
399 3353 436 3403 ael
462 3352 538 3404 Men.
559 3355 622 3405 489.
659 3349 703 3403 De
731 3352 819 3404 turbis
847 3351 997 3404 maioribus
1024 3351 1151 3417 copitans
1180 3350 1235 3415 Qui
1265 3355 1312 3404 boe

168 3433 236 3485 mihi
260 3429 412 3497 contruxit,
436 3428 575 3497 flagitium
600 3431 733 3496 hominis,
758 3432 806 3500 qui
824 3431 896 3484 dixit
914 3429 982 3483 mihi
1002 3433 1143 3485 construxit
1164 3432 1313 3485 Muellerus

167 3513 246 3566 Peos.
266 3529 295 3580 p.
321 3516 383 3565 557.
404 3541 436 3550 —
457 3510 525 3562 mihi
554 3527 632 3562 suam
648 3514 657 3580 fl
673 3510 792 3565 onrem
815 3511 969 3564 Acidolius.
991 3541 1021 3548 —
1042 3510 1089 3563 Aa
1116 3527 1142 3564 a.
1168 3517 1221 3564 553
1250 3513 1315 3565 adde

169 3593 331 3648 Muellerum
346 3608 376 3659 p.
398 3594 463 3655 127,
483 3594 546 3644 378.
586 3590 716 3645 Fortasse
734 3592 791 3657 fuit
809 3589 1021 3657 arcessitum,
1036 3594 1067 3642 ut
1082 3595 1182 3657 poslea
1207 3591 1315 3645 ‘occisu-

168 3673 254 3740 rum’,
277 3674 337 3726 sim.
357 3702 387 3709 -
416 3671 446 3724 V.
467 3676 519 3723 555
549 3671 720 3724 ultr-onorius
742 3672 861 3725 Bolbius
884 3688 943 3726 cum
965 3669 1089 3723 Bentleio
1113 3670 1153 3723 ad
1179 3671 1240 3724 Ter.
1264 3672 1314 3724 Ad.

168 3754 208 3805 II
226 3758 251 3817 1,
266 3757 309 3805 54.
331 3782 361 3789 —
383 3768 444 3804 cum
464 3768 526 3803 cum
546 3767 653 3804 mecum
674 3751 796 3806 Guietus.
813 3783 846 3790 -
863 3752 904 3817 Cf.
926 3750 1039 3803 Blessius
1059 3750 1091 3802 de
1110 3752 1182 3804 mod.
1199 3758 1313 3820 permut.

166 3849 194 3900 p.
207 3838 230 3885 5.
244 3862 274 3869 -
286 3831 329 3883 De
340 3833 466 3899 personis
480 3848 542 3884 5155·
557 3833 680 3885 correctis
695 3833 765 3885 adde
778 3833 938 3887 Acielalium
952 3831 989 3884 od
1003 3834 1051 3883 oet.
1068 3828 1150 3884 Flor.
1163 3849 1315 3899 provocan-

170 3918 220 3964 tem
239 3912 416 3979 51155555-
432 3913 474 3965 De
494 3913 550 3965 llum
571 3914 615 3965 hic
635 3916 677 3967 est
696 3914 730 3980 cs.
749 3912 886 3965 Luebsius
905 3915 1040 3966 conium.
1061 3927 1138 3978 pros.
1160 3913 1181 3964 Ι
1196 3930 1225 3980 p.
1247 3918 1270 3965 1.
1285 3943 1315 3951 -

171 3991 242 4044 Mon
261 3991 341 4044 Nunc
360 3990 439 4044 illum
460 4010 512 4060 ego
531 3993 582 4045 nili
599 3992 806 4061 655555155.-
823 3993 853 4046 V.
870 3998 921 4045 560
935 3994 1257 4048 susannensmnrnnu
1272 3996 1316 4045 ds.

259 4077 319 4126 561,
343 4071 417 4124 inter
440 4090 487 4125 555
512 4072 585 4141 litigi
610 4073 678 4126 duos
703 4074 853 4142 Geppertus
875 4073 920 4139 (ef.
941 4072 1077 4124 Lucbsius
1096 4072 1220 4129 Studem.
1241 4076 1315 4129 Siue.

172 4153 191 4204 I
207 4169 235 4219 p.
255 4155 310 4220 33).
348 4150 421 4205 inter
445 4168 491 4205 eos
516 4152 591 4220 litigi
616 4159 651 4218 (et
675 4154 747 4207 me
771 4169 823 4221 ego
847 4154 903 4206 iiim
930 4151 1047 4218 aliquid)
1068 4151 1223 4221 Lanqenus
1242 4157 1316 4208 Stml.

171 4233 215 4284 Pl.
232 4250 262 4299 p.
281 4235 343 4287 126.
381 4233 421 4286 Ar
445 4232 564 4286 intereos
580 4250 633 4302 pro
652 4250 708 4288 reno
727 4234 856 4288 uocabulo
875 4237 911 4286 est
932 4234 972 4299 (ut
990 4234 1247 4299 propteramorem,
1265 4236 1316 4302 511,

171 4310 312 4366 Dormitat
337 4313 480 4383 l⁷ssinpius
504 4320 527 4367 ct
550 4314 599 4368 boc
619 4331 696 4369 versu
715 4315 820 4368 bialum
839 4314 1004 4381 nescioquem
1018 4317 1083 4380 post
1102 4312 1181 4382 litigi
1201 4321 1317 4369 statuens

171 4396 195 4443 st
221 4407 244 4445 v.
274 4397 325 4445 562
354 4394 384 4446 at
411 4394 482 4459 ferri
505 4410 584 4462 posse
611 4411 714 4466 neporus
742 4395 824 4464 (quod
851 4395 948 4463 optimc
974 4394 1095 4462 quadrat
1126 4394 1231 4466 ‘frupi’
1261 4412 1316 4449 cum
