2948 5594
113 39 1299 409 Q

165 786 211 840 111
230 795 256 854 6,
274 792 379 859 6666
643 789 847 846 cucumores

704 949 793 1007 Lruvr

1101 1026 1198 1092 Tace:

168 1126 302 1194 Stultus
325 1151 360 1195 es
387 1131 443 1214 qui
467 1128 520 1195 illi
539 1132 623 1196 male
647 1153 744 1218 aegre
766 1134 879 1216 pritere
902 1133 965 1198 dici
994 1133 1052 1218 qui
1069 1133 1159 1200 iacit.

168 1234 217 1319 (N
220 1235 271 1300 rim
282 1237 374 1302 illum
383 1259 490 1303 meum
501 1239 624 1303 melum
635 1243 820 1323 promptare
831 1241 940 1304 milim
955 1263 1051 1324 quarn
1062 1241 1228 1325 peculium.
1265 1257 1318 1306 466

660 1378 830 1434 Purcoxrrve

169 1445 335 1524 Quidum?

697 1537 788 1592 Lrovo

340 1626 437 1712 Quin,
461 1628 580 1693 mulum
604 1629 631 1694 si
654 1635 836 1715 promptet‚
859 1627 893 1695 in
916 1631 984 1696 dies
1008 1631 1107 1696 faciet
1129 1630 1257 1715 minue.)

644 1770 836 1827 Muemuocuve

167 1855 254 1933 Quid
279 1858 421 1924 sodalem
445 1864 551 1925 meum
575 1860 729 1947 castigas,
752 1854 856 1946 Lide,
878 1862 1071 1949 discipulum
1094 1864 1209 1929 tuom?

697 1982 786 2039 Lruve

166 2052 272 2117 Periit
295 2053 356 2119 tibi
380 2055 509 2121 sedilis·

646 2143 834 2198 Mramuocuve

523 2232 573 2298 Ne
596 2233 628 2298 di
652 2231 757 2300 sirint.

696 2355 787 2411 Lrove

630 2462 649 2472 ’
752 2447 805 2514 Sic
828 2453 879 2514 est
901 2454 939 2515 ut
962 2450 1092 2534 loquor:

165 2549 250 2628 Quin
276 2574 336 2638 ego
360 2576 456 2638 quom
480 2553 611 2637 peribat
633 2554 713 2637 uidi,
737 2557 801 2619 nou
826 2578 864 2621 ex
888 2554 998 2621 audito
1023 2558 1133 2642 irguo.

640 2692 832 2750 Mreemocuve

164 2763 250 2840 Quid
275 2765 451 2832 factumst?

694 2852 783 2908 Lruve

444 2941 648 3008 Meretricem
671 2945 802 3030 indigne
825 2945 955 3025 dc'perit.

641 3074 830 3130 Muccrcocuvs

954 3149 1027 3214 Nou
1047 3156 1082 3215 tri
1102 3153 1211 3216 taces?
1257 3168 1309 3216 476

692 3235 782 3289 Lrovs

160 3323 271 3408 Atque
296 3345 334 3388 ee
358 3347 520 3389 acerrume
544 3328 697 3391 aestuoso
721 3327 886 3411 absorbet,
909 3327 964 3391 ubi
985 3349 1143 3412 quemque
1162 3328 1280 3413 rittigit.

226 3522 296 3571 471.
326 3517 381 3571 Vix
403 3519 456 3573 huc
478 3523 579 3588 spectat
602 3520 692 3588 916666
714 3536 796 3589 quam
820 3520 945 3576 Lonoiue
968 3521 1065 3577 Prodr.
1087 3537 1115 3590 p.
1136 3524 1196 3576 287
1218 3521 1309 3586 adfert

162 3598 280 3652 Placidi
292 3613 323 3667 p.
345 3602 391 3664 12,
410 3603 426 3652 1
445 3600 485 3654 ed.
504 3600 614 3654 Deuert

233 3781 296 3832 464.
316 3776 417 3832 ‘Mirer
434 3778 466 3830 ni
487 3782 645 3833 accentuum
664 3779 845 3833 concinnitati
862 3781 902 3833 cic
918 3779 1013 3847 potine
1027 3783 1110 3846 poeto
1128 3780 1306 3833 consuluerit.-

160 3857 272 3911 Stultus
292 3873 335 3924 66,
355 3856 403 3924 qui
421 3857 494 3912 mile
513 3856 557 3911 issi
576 3856 632 3912 dici
651 3859 735 3927 aegre
753 3861 863 3928 patere,
885 3862 933 3928 qui
952 3857 1037 3913 focit’
1060 3859 1226 3913 Ritectclius

163 3937 287 3992 (16166666
305 3937 379 3992 nunu
395 3954 419 3993 n.
439 3954 488 3991 auo
507 3940 564 3992 ioco
578 3938 706 3993 anisam
724 3939 755 3992 in
772 3942 896 4009 marpine
909 3939 1005 4007 poenit
1019 3939 1059 4006 B,
1079 3939 1128 3993 ubi
1146 3956 1220 3993 nnnc
1237 3937 1307 3991 fecit

159 4018 313 4072 abaciacum
376 4017 587 4087 636611011111
647 4019 757 4087 peteret
776 4018 805 4070 D
868 4015 988 4087 quisceit
1005 4017 1031 4081 (f
1046 4019 1118 4072 inter
1135 4016 1306 4072 seritmdum

159 4114 193 4152 en
213 4115 231 4164 q
250 4096 339 4164 foeta)
358 4097 388 4151 D
514 4103 574 4152 466.
593 4103 654 4152 466.
680 4098 785 4154 ‘Bonos
803 4099 909 4169 alioqui
926 4098 1085 4163 versiculos,
1112 4097 1220 4151 sedhic
1239 4096 1306 4150 mire

158 4177 294 4246 sripidoc,
316 4181 348 4231 ut
369 4179 562 4246 suppositin'os
585 4178 690 4235 notauit
715 4177 853 4250 Guyctue'
880 4178 1052 4233 Riteciuliua
1076 4177 1178 4232 wadum
1196 4192 1229 4232 uc
1247 4176 1306 4230 alia

163 4257 318 4312 recensione
339 4259 435 4327 repetii
453 4256 629 4328 Ampaotine
643 4276 672 4328 p.
692 4263 733 4315 26
840 4265 900 4313 466.
920 4261 1081 4328 promptare
1103 4255 1194 4312 ΘΓΖ.
1213 4272 1305 4327 prom-

159 4337 221 4390 tare
245 4336 328 4392 BD².
356 4342 525 4407 prom-tore
551 4339 636 4409 (quod
657 4340 742 4406 [nicee
764 4341 872 4395 videtur
895 4337 1044 4393 Bitscnciio
1073 4334 1239 4408 promitore)
1262 4337 1305 4390 1)ι

268 4418 398 4486 peculum
421 4419 476 4475 D¹.·
504 4436 573 4475 corr.
597 4418 640 4472 D²
739 4425 799 4474 466.
829 4416 883 4484 Qui
906 4417 973 4472 dum
996 4417 1024 4471 B
1124 4417 1248 4486 promtet
1269 4417 1304 4473 B.

159 4498 306 4567 ppromtet
323 4499 353 4551 D
376 4503 407 4569 (p
425 4516 485 4569 ucp.
504 4517 538 4554 m.
559 4503 588 4568 3)
696 4504 757 4554 467.
777 4498 932 4553 6666616166]
953 4497 981 4552 0.
1006 4496 1164 4568 posodclem
1181 4502 1225 4563 (so
1244 4514 1304 4566 aaz).

158 4572 192 4642 in.
213 4589 246 4654 2)
269 4587 299 4640 o
406 4587 462 4642 uuo
483 4587 538 4642 oo
645 4591 723 4642 tuum
742 4588 808 4642 uon
910 4590 971 4640 466.
991 4584 1102 4640 eierat
1120 4586 1157 4638 6.
1177 4585 1206 4638 a
1225 4585 1306 4638 6666
1399 4575 1404 4583 “

157 4671 195 4732 (et
214 4683 276 4735 sup.
295 4683 319 4721 6.
339 4668 369 4721 ot
386 4685 437 4735 no,
456 4669 482 4723 16
501 4686 514 4722 6
533 4668 615 4722 aliter
634 4669 738 4736 sinaut)
756 4669 791 4721 Β.
812 4665 935 4721 deserint
951 4666 978 4721 0.
999 4665 1096 4720 disruit
1110 4666 1145 4718 10.
1165 4663 1266 4717 dixeris
1281 4665 1307 4716 Ζ

231 4752 292 4802 469.
313 4764 397 4816 quom
417 4748 452 4802 F.
473 4766 539 4816 qum
558 4749 592 4804 B.
616 4752 695 4817 qtam
713 4749 751 4805 D.
771 4765 834 4801 cum
854 4746 939 4800 GFZ
1015 4744 1111 4799 audito
1131 4744 1184 4797 13¹:
1207 4743 1304 4797 auditu

159 4828 224 4893 fecii
244 4846 261 4881 u
280 4844 342 4896 cup.
362 4829 466 4897 scripto
485 4829 526 4883 13²
633 4835 693 4884 470.
718 4828 822 4881 fuctum
843 4828 886 4880 eet
904 4827 969 4880 libri
1076 4829 1136 4876 471.
1160 4823 1252 4890 Atque
1271 4842 1304 4877 66

159 4922 305 4962 acerrume
324 4909 456 4963 66616666
470 4908 635 4965 Ritscheliue
649 4909 764 4965 addaiu:
784 4906 851 4961 ‘aiei
868 4905 909 4960 Ac
928 4923 999 4975 quae
1014 4918 1156 4960 acerrume
1175 4907 1305 4957 aestuosa
