2948 5594
159 335 202 400 38
662 334 797 391 PLAV'I'I
1108 335 1134 391 Il
1152 343 1179 402 3,
1198 340 1303 393 lli-58

159 498 321 584 Longum,
344 499 519 583 strigorem
543 500 737 580 milefieum,
760 499 952 564 exornemur.
1253 516 1304 565 aee

651 621 807 675 Nicoevuvs

160 712 247 777 Perii
269 711 391 778 hercle:
415 712 540 777 lembus
563 709 622 776 ille
645 712 725 776 mihi
748 710 848 777 laedit
870 713 966 777 latus.

651 833 807 888 Gnursauvs
1085 898 1089 903 Ι

160 926 193 990 Is
216 926 287 990 erat
310 925 490 990 eommunis
513 948 586 991 eum
610 926 741 1010 hospite
764 930 798 990 et
820 925 1046 1024 praedonibus.

654 1047 809 1102 N1convuvs

161 1139 274 1203 Adeon
296 1160 348 1204 me
370 1139 470 1203 fnisse
493 1139 630 1224 fungum
653 1141 691 1203 ut
713 1139 769 1224 qui
791 1139 841 1203 illi
864 1140 1039 1224 crederem,

161 1246 266 1323 Quom
289 1247 334 1311 mi
357 1243 464 1329 ipsum
487 1268 604 1310 nomen
628 1246 696 1311 eius
719 1245 963 1311 Archidemides

162 1351 327 1417 Clameret
349 1352 552 1436 dempturum
576 1354 661 1435 esse,
684 1352 712 1415 si
736 1352 814 1436 quid
837 1352 1021 1418 crederem?

654 1473 809 1528 Guursmvs

162 1566 195 1630 Is
220 1567 353 1629 nostrae
376 1565 453 1628 naui
476 1564 600 1628 lembus
624 1564 759 1630 insidiis
783 1564 890 1628 dabat.

162 1672 280 1756 Occepi
304 1691 364 1755 ego
389 1672 561 1736 obseruire
585 1693 640 1736 eos
664 1692 761 1754 quam
784 1673 853 1735 rem
877 1676 1002 1755 gerant.

163 1779 292 1844 Interea
316 1799 332 1843 e
355 1781 452 1862 portu
474 1779 588 1842 ndstra
610 1777 705 1842 nauis
730 1777 878 1842 soluitur.

163 1885 229 1951 Vbi
251 1888 349 1970 portu
373 1885 511 1968 eximus,
533 1883 683 1948 homines
706 1884 843 1969 remigiii
867 1885 973 1968 sequi,

163 1992 277 2076 Neque
300 1993 376 2056 aues
399 2012 502 2074 neque
525 1992 617 2056 uenti
640 1988 744 2055 eitius.
782 1991 936 2074 quoniam
960 1994 1065 2058 sentio
1258 2010 1301 2058 no

163 2099 252 2176 Quae
276 2100 326 2162 res
350 2101 531 2183 gereretur,
553 2099 672 2162 na'uem
696 2097 858 2180 extemplo
883 2098 1065 2165 sta'tuimus.

164 2205 323 2282 Quoniim
346 2205 459 2269 uident
480 2226 540 2269 nos
564 2205 665 2287 stare,
688 2209 881 2289 occeperunt
902 2210 1008 2270 ratem
1032 2251 1033 2256 η

165 2382 237 2436 libri.
257 2381 460 2449 eireumspeeto
478 2378 519 2433 ibi
538 2379 724 2434 Hermunnus.
743 2395 789 2433 me
809 2379 1010 2451 circumspecto
1030 2380 1224 2439 Fleckeisenue

165 2460 257 2529 adque
275 2461 311 2514 B.
332 2463 362 2514 at
380 2476 444 2514 ecoe
463 2458 614 2528 Gepperlus
635 2458 728 2513 Tria*
745 2476 773 2528 p.
795 2464 848 2514 140
919 2465 980 2516 280.
999 2461 1142 2532 Longum,
1162 2464 1302 2534 strigorem

165 2539 322 2594 maleficum
338 2539 511 2594 Fritrselsius
529 2538 613 2593 Anat.
629 2539 673 2594 Pl.
689 2556 720 2608 p.
736 2545 754 2594 6
772 2557 832 2594 eum
851 2540 978 2596 Ducerlo.
998 2541 1124 2612 Longum
1146 2547 1173 2599 st
1191 2545 1303 2614 rigorem

163 2620 320 2675 maleficum
335 2619 363 2672 B
377 2624 415 2686 et,
433 2619 490 2673 nisi
503 2619 575 2687 quod
589 2621 633 2673 est
644 2636 697 2687 pro
711 2620 747 2687 st,
765 2621 872 2688 reliqui.
888 2620 1027 2690 Longum,
1047 2623 1212 2692 strigonem,
1226 2625 1303 2680 male

163 2703 247 2754 ficum
273 2700 439 2765 Salmasius,
466 2697 593 2752 Muretus
622 2699 688 2754 Vur.
717 2700 774 2754 leet.
801 2698 873 2751 XII
896 2704 940 2753 19.
969 2694 1097 2769 Bongum
1125 2703 1176 2757 aba
1205 2704 1304 2760 trinam

163 2779 292 2835 malefico
306 2779 480 2833 Riteelrelius.
501 2778 628 2847 Longum
648 2796 664 2834 a
683 2778 801 2849 strigore
819 2779 946 2834 malefico
965 2782 1006 2835 ael
1024 2787 1055 2834 ut
1073 2799 1161 2852 supra
1175 2785 1304 2842 Daerriru

164 2861 196 2914 in
218 2859 292 2914 Feri.
316 2875 341 2913 u.
366 2858 497 2927 strigores
517 2876 546 2927 p.
571 2863 626 2913 314
644 2861 684 2915 ed.
709 2859 750 2912 M.
777 2858 902 2929 Longum
926 2863 969 2914 est
991 2859 1128 2917 triconem
1152 2865 1304 2920 maleficum

164 2939 312 2995 Acidaliae
339 2943 519 3006 transponens
542 2939 615 2992 teme
632 2955 656 2992 u.
673 2945 735 3007 peel
753 2943 820 2995 268.
843 2938 983 3009 Longum,
1008 2941 1128 3011 strigare
1152 2945 1304 3000 maleficum

164 3019 344 3073 Hermonassa
367 3019 458 3087 praef.
483 3034 513 3086 p.
544 3018 616 3072 VII.
646 3018 773 3088 Longum
802 3037 816 3074 e
840 3020 955 3089 regione
983 3021 1142 3077 maleficum
1176 3024 1304 3080 neuere

167 3102 274 3169 Quaeri.
306 3097 351 3152 Pl.
378 3115 407 3167 p.
432 3103 456 3152 6.
485 3097 626 3166 Longum,
653 3101 801 3169 trygonem
829 3099 986 3153 maleficum
1012 3098 1146 3158 Gerizim.
1175 3105 1304 3175 Longum,
1357 3134 1360 3147 ι

164 3179 319 3245 triremem,
333 3177 491 3232 maleficum
507 3177 649 3232 Palmerue
668 3177 809 3232 Hermatb.
825 3180 875 3235 vol.
892 3179 942 3232 IV
954 3185 991 3246 (e.
1008 3185 1094 3249 1881)
1106 3199 1137 3252 p.
1152 3189 1209 3239 137
1275 3201 1303 3238 er

167 3258 290 3314 ornarier
307 3258 342 3311 B.
369 3258 454 3312 ‘alius
471 3258 644 3312 exnarrier':
664 3258 816 3329 Loupoliue
893 3260 1005 3314 Versum
1027 3262 1096 3315 delet
1121 3262 1241 3321 Wessius

165 3344 226 3393 281.
246 3337 342 3394 herole
360 3338 397 3391 D.
418 3339 491 3391 erele
511 3339 545 3391 B.
566 3338 652 3415 omZ
703 3337 750 3392 ilie
761 3355 821 3392 euim
836 3357 890 3394 rus.
904 3357 964 3409 sup.
979 3331 1005 3394 ie
1018 3341 1046 3394 B
1100 3341 1173 3396 ledit
1192 3345 1257 3399 libri

165 3418 273 3473 lembus
292 3419 402 3473 lumbos
422 3417 552 3472 laeditis
571 3417 640 3472 mihi
659 3436 714 3473 van
733 3418 872 3485 Ljenmijlr
890 3421 923 3474 de
941 3420 985 3473 Pl.
1005 3420 1091 3475 Persa
1109 3423 1174 3477 thee.
1194 3424 1243 3477 IV

165 3503 226 3553 282.
246 3515 309 3551 eum
329 3497 451 3568 hospite]
471 3496 578 3566 hospiti
597 3498 748 3567 Gepperlue
768 3498 980 3568 Trin.²p.130
1061 3503 1232 3569 predonibus
1249 3502 1306 3559 BF
1338 3552 1344 3566 ,

238 3584 298 3634 283.
317 3594 363 3632 me
383 3579 417 3633 ee
437 3577 523 3630 iuuisse
543 3577 624 3631 OD¹:
644 3595 711 3632 corr.
731 3578 775 3632 D²
848 3579 926 3648 utqui
946 3580 975 3632 D
1048 3579 1191 3637 crederem
1210 3601 1260 3639 om.
1278 3584 1302 3636 (l.

165 3661 277 3713 credere
296 3658 353 3713 D¹.·
376 3676 444 3714 eorr.
463 3656 507 3710 D²
579 3662 637 3711 284.
665 3656 735 3722 Qum
758 3660 793 3713 B.
819 3676 881 3713 eum
904 3660 1004 3728 religni
1079 3661 1150 3715 mihi
1175 3664 1242 3718 libri

166 3737 377 3792 Archidemides
401 3738 592 3792 Fleckeisenue
616 3753 655 3806 ep.
676 3755 712 3793 er.
731 3755 758 3807 p.
778 3745 825 3794 23.
850 3738 1047 3793 archidemidis
1067 3741 1146 3806 libri,
1164 3744 1223 3797 nisi
1239 3743 1304 3812 prod

166 3819 230 3871 dem
249 3819 280 3871 in
299 3819 338 3869 lit.
354 3819 382 3870 B
436 3823 495 3872 285.
511 3817 674 3885 dempturus
688 3817 729 3871 D¹
744 3824 769 3872 el
783 3819 838 3873 D³.·
857 3820 1033 3887 dempturum
1049 3818 1098 3874 D’.
1114 3821 1304 3892 adempturum

169 3897 194 3948 Z
257 3896 347 3963 siquid
367 3897 401 3948 B.
422 3897 444 3948 si
465 3896 539 3964 quod
559 3914 592 3951 ee
610 3897 633 3951 si
651 3898 718 3965 quid
737 3899 775 3954 D.
795 3899 819 3951 si
838 3899 912 3969 quod
931 3898 989 3952 DZ
1055 3898 1098 3953 De
1116 3917 1141 3953 u.
1159 3904 1304 3956 aee-293

167 3978 246 4029 leuna
264 3976 444 4043 suspiriorum
467 3979 549 4029 mouit
572 3978 785 4036 Brachmaunus
805 3998 834 4049 p.
860 3982 926 4034 132:
953 3981 986 4034 de
1008 3996 1032 4034 u.
1052 3984 1113 4034 286
1136 3982 1305 4050 Ampaauiu

164 4072 191 4124 p.
212 4059 247 4109 13
319 4059 379 4109 286.
399 4058 511 4110 nostrae
531 4056 596 4110 naui
615 4058 723 4112 lembus
743 4060 868 4130 Pyladea.
888 4059 997 4114 lembus
1015 4061 1129 4114 nostrae
1147 4061 1217 4116 ueni
1236 4062 1304 4125 labri,

165 4136 222 4190 nisi
240 4135 313 4204 quod
330 4137 425 4188 nostre
445 4135 474 4187 D
496 4142 521 4189 et
538 4136 627 4190 nostri
647 4137 673 4189 Z
726 4144 786 4193 287.
807 4138 920 4209 oecaepi
934 4139 972 4193 D.
992 4137 1090 4209 accepi
1104 4141 1138 4196 Z.
1158 4141 1212 4196 hoe
1231 4138 1305 4209 coepi

168 4214 190 4268 0
244 4215 312 4269 Poet
327 4213 475 4269 obseruare
489 4233 590 4271 rasura
604 4219 723 4272 duorum
738 4222 789 4275 litt.
805 4221 833 4274 B
887 4235 1036 4288 quamnam
1052 4235 1112 4274 rem
1131 4221 1304 4276 Hermonem

219 4300 279 4350 288.
295 4296 395 4364 eportu
409 4295 438 4347 D
488 4302 547 4350 289.
563 4297 680 4351 exiimus
696 4298 870 4354 Curneruriue
933 4300 1056 4354 remuleo
1071 4300 1098 4353 Z
1161 4307 1223 4356 290.
1243 4315 1304 4369 quo-

167 4376 241 4429 niam
260 4376 290 4429 Ζ,
311 4377 358 4444 qui
376 4374 473 4431 1301).
493 4395 576 4444 quom
592 4378 622 4431 F
683 4385 743 4435 291.
759 4398 812 4448 que
831 4396 874 4434 res
889 4380 939 4434 D³.
959 4395 1059 4449 queres
1072 4378 1117 4434 D¹
1181 4384 1306 4451 gerentur

168 4456 193 4508 Z
260 4462 319 4510 292.
341 4454 478 4522 Quoniam
498 4457 625 4528 Pyladea.
645 4461 693 4526 φῖ]
712 4461 776 4516 01).
796 4460 868 4527 Qum
885 4461 921 4515 B.
941 4477 1027 4529 quom
1045 4458 1081 4518 F.
1100 4461 1157 4529 quio
1177 4462 1206 4515 Z
