2948 5594
673 301 806 359 parvul
1111 301 1153 360 lll
1167 311 1196 374 t,
1211 312 1311 362 es-at

547 540 552 551 υ
645 467 822 520 Lrsmuuvs

550 552 555 561 ι
663 598 670 621 ·
771 576 875 661 Heus,
896 574 1091 642 Pardalisca.

640 732 835 788 Peenameus

646 928 824 984 Lrsmuuvs

375 1001 437 1066 Est
460 1039 502 1048 —-

640 1126 832 1179 Pauuumsoli

536 1235 642 1312 Quid?

646 1392 824 1446 husmuuvs

663 1481 734 1584 list,
758 1502 844 1585 quod
867 1502 943 1566 uolo
967 1502 1137 1586 exquirere
1162 1506 1202 1567 ex
1225 1509 1264 1568 te.

629 1658 832 1712 Puriuunrscu

164 1741 288 1806 Moram
313 1742 410 1807 dffers
435 1742 524 1806 mihi.

649 1863 828 1917 Lrsmuuvs

534 1954 581 2036 dt
604 1976 640 2036 tu
664 1973 745 2036 mihi
769 1973 866 2037 offers
891 1974 1078 2037 maerorem.
1255 1991 1297 2037 ooo

162 2078 223 2144 sed
248 2079 388 2145 etiamne
412 2080 511 2145 habet
534 2101 621 2143 nunc
645 2077 764 2144 Casina
787 2077 904 2144 insana
927 2079 1097 2164 gladium?

252 2297 401 2346 691-693.
424 2289 529 2346 Gellius
544 2291 581 2346 N.
596 2289 635 2344 A.
651 2291 672 2343 I
685 2294 761 2356 7,11
781 2291 833 2359 (vel
850 2292 943 2359 potiar
961 2290 1046 2346 Gellii
1064 2292 1172 2347 amicus
1190 2289 1297 2344 ‘haiom

162 2374 250 2427 malta
268 2372 415 2437 coercitae,
434 2373 481 2426 cui
496 2372 627 2441 pleraque
645 2372 740 2426 omnia
758 2375 879 2424 murum
897 2372 1053 2427 litterarum
1070 2373 1210 2442 quaoeita,
1226 2369 1296 2424 nedi-

162 2458 223 2507 tatu
245 2453 429 2524 micilatuquc
451 2452 569 2521 erant'):
592 2450 711 2505 Plautus
735 2451 822 2506 etiam
847 2450 875 2506 in
894 2451 997 2505 Casina
1020 2468 1084 2507 cnm
1103 2451 1139 2506 de
1158 2449 1248 2521 puella
1263 2450 1296 2503 lo

163 2534 295 2599 queretur
324 2532 503 2586 ‘occisurum’
536 2530 620 2599 dixit,
649 2546 706 2584 non
737 2531 924 2600 ‘occisuram’,
952 2531 996 2586 his
1024 2532 1120 2587 uerbis
1151 2531 1294 2585 ‘etiamne

259 2610 413 2665 uilicum’
553 2628 609 2664 non
637 2627 705 2680 ergo
734 2612 782 2665 isti
810 2628 906 2666 omnes
934 2611 1117 2666 soloecismus
1144 2611 1211 2680 qnid
1235 2610 1295 2664 esset

161 2693 339 2762 ignorarunt,
364 2691 413 2745 sed
438 2695 467 2745 et
486 2691 627 2746 Gracchus
654 2692 817 2746 ‘dicturum‘
842 2696 871 2745 et
890 2691 1091 2761 Quadrigarius
1114 2690 1255 2745 ‘futurum'
1272 2689 1295 2739 et

165 2770 328 2825 ‘facturum’
350 2773 380 2824 et
393 2771 493 2824 Antias
513 2771 730 2839 ‘processurum’
752 2773 782 2824 et
795 2772 913 2825 Plautus
933 2771 1115 2826 ‘occisurum’
1133 2776 1163 2826 et
1176 2767 1293 2824 Laberius

163 2850 324 2906 ‘facturum'
351 2850 498 2904 indefinito
524 2851 608 2905 modo
637 2850 780 2920 dixerunt,
811 2853 860 2921 qui
888 2854 986 2906 modus
1014 2869 1104 2920 neque
1129 2853 1158 2904 in
1182 2865 1293 2905 numeros

163 2949 252 2999 neque
276 2930 306 2984 in
329 2934 457 3000 tempora
480 2947 569 2998 noque
594 2931 624 2984 in
643 2949 748 3000 genera
767 2933 945 2998 distrahitur,
965 2934 1014 2987 sed
1034 2935 1131 2987 omnia
1150 2934 1234 2986 istaec
1249 2945 1292 2981 nna

162 3011 348 3065 declinatione
373 3011 575 3080 complectitur.
615 3011 657 3077 Οἱ.
677 3012 809 3067 Hortalus
835 3014 915 3067 Vind.
936 3012 1004 3069 Gall.
1023 3013 1071 3067 alt.
1090 3031 1120 3081 p.
1141 3017 1176 3066 13
1187 3029 1223 3080 sq.
1240 3009 1291 3062 adu.

161 3191 201 3243 sic
220 3196 308 3243 uectem
327 3189 354 3242 B
374 3190 415 3257 (in
433 3205 486 3258 qao
507 3191 542 3243 ab
560 3190 609 3243 lece
627 3191 691 3244 inde
709 3207 732 3245 v.
750 3208 820 3259 pere.
841 3197 921 3246 notus
938 3193 971 3246 iu
988 3209 1075 3261 diury.
1095 3207 1147 3245 scr.
1166 3191 1257 3255 rutel:

288 3270 341 3323 Era
360 3271 444 3338 atque
464 3269 534 3322 haec
553 3269 648 3324 dolum

286 3350 327 3403 Er
346 3367 482 3419 proxumo
503 3349 576 3403 hunc
596 3352 774 3419 protulerunt
789 3382 794 3392 ·
809 3369 862 3422 ego
881 3353 935 3406 huc
955 3352 1042 3405 missa
1061 3369 1122 3404 sum
1142 3348 1233 3403 ludere

197 3466 265 3521 Suri.
287 3467 362 3520 Heus
382 3432 544 3539 {ardalisca
562 3465 629 3534 quid
651 3468 692 3520 est
711 3468 813 3520 Ariola.
833 3469 876 3520 est
896 3466 966 3520 Suri.
987 3465 1078 3532 Quid?
1098 3469 1201 3521 Artem.
1219 3466 1256 3517 eat

287 3546 368 3611 Quod
388 3548 451 3601 uolo
471 3546 615 3614 exquirere
635 3549 688 3600 ate.
764 3565 870 3601 moram
890 3546 971 3601 offers
991 3546 1061 3600 mihi
1081 3545 1151 3599 Seri.
1171 3546 1208 3597 ht
1224 3545 1249 3595 un

286 3625 356 3679 Mihi
377 3625 458 3680 offers
478 3642 621 3679 merorem.
653 3625 707 3679 Sed
726 3626 811 3680 etiam
832 3644 866 3681 ne
885 3628 972 3681 habet
985 3643 1058 3680 nunc
1075 3627 1170 3681 casina
1183 3624 1285 3693 gladium

161 3710 275 3776 itemque
294 3709 382 3774 ceteri,
401 3708 458 3760 uisi
475 3707 547 3774 quod
566 3706 641 3759 Hera
660 3706 749 3759 JFZ
820 3708 894 3761 hE.
914 3709 965 3762 hec
982 3707 1005 3760 J
1008 3706 1038 3760 F
1109 3705 1230 3773 proximo
1245 3696 1288 3751 VB

234 3788 307 3839 hunc
326 3787 412 3839 missa
431 3787 453 3838 J
459 3786 489 3838 F
552 3785 654 3840 ludere.
674 3786 750 3840 Heus
769 3788 796 3840 Z
856 3786 984 3856 pdalisca
1008 3785 1070 3838 ΥΕ
1087 3785 1165 3855 (pdal
1183 3785 1212 3838 iu
1228 3782 1285 3839 rui-l.

161 3864 319 3934 pardulisea
336 3866 359 3918 J
363 3867 394 3918 Z.
414 3865 566 3932 pardilisca
586 3865 616 3918 F
632 3864 656 3934 (‘l
675 3868 706 3919 in
724 3867 752 3920 B
771 3882 909 3935 suprascr.
931 3882 965 3918 m.
984 3866 1014 3931 2)
1094 3863 1141 3918 Pa.
1161 3862 1285 3932 quidest?

162 3945 231 3999 Stal.
251 3947 302 3998 ast.
323 3944 369 3998 Pa.
390 3945 463 4013 quod
484 3944 522 3999 St.
544 3948 594 3999 Est
612 3947 684 4014 quod
706 3946 741 4000 F.
762 3945 809 4000 Pa.
830 3945 901 4011 Quid
922 3947 982 3999 est?
1001 3943 1040 3999 St
1061 3944 1113 3996 Est
1131 3945 1203 4011 quod
1220 3941 1240 3994 Z

160 4025 274 4094 exquire
293 4026 317 4078 J
384 4027 429 4079 ute
449 4044 555 4080 moram
582 4027 636 4081 VJ.
666 4028 700 4081 ad
721 4030 750 4080 te
768 4042 874 4081 moram
893 4026 930 4079 E.
954 4025 989 4077 ad
1009 4026 1038 4078 te
1058 4024 1106 4077 Pa.
1126 4040 1225 4077 moram
1241 4015 1285 4072 ΓΖ

231 4105 364 4160 maiorem
385 4105 414 4158 F
473 4107 552 4159 sedet
575 4106 647 4161 iane
672 4108 703 4163 V.
725 4125 748 4174 ες
767 4107 853 4160 otiam
871 4123 906 4160 ne
925 4105 961 4159 E.
981 4106 1103 4159 etiamne
1125 4104 1223 4159 Gellius
1238 4096 1283 4165 (ull

160 4189 202 4239 set
220 4187 293 4240 iuter
313 4204 325 4237 s
345 4189 374 4238 ot
393 4205 410 4238 u
429 4187 553 4240 librariis
572 4190 698 4242 corissum
717 4194 798 4256 putat
813 4188 954 4252 Hertsiue)
1009 4186 1097 4240 habet
1111 4189 1140 4238 et
1152 4200 1219 4238 nuuc
1233 4174 1281 4233 ΕΖ.

160 4266 246 4319 habet
265 4270 294 4320 et
312 4284 385 4319 nunc
410 4270 438 4319 et
461 4267 496 4319 1⁴2
524 4268 611 4321 habet
633 4268 738 4323 Gellius
840 4268 894 4320 Vbi
912 4284 936 4321 o.
956 4271 1008 4320 689
1034 4283 1067 4319 ex
1086 4269 1113 4319 te
1132 4283 1178 4319 emr
1196 4263 1279 4325 Kana

158 4363 277 4475 ἕὲαηζιωε
300 4349 332 4400 (le
357 4360 394 4395 aa
404 4364 500 4416 praep.
525 4364 578 4401 usa
599 4349 643 4402 Pl,
660 4367 688 4417 p.
707 4353 758 4414 29,
776 4367 801 4403 o.
820 4354 870 4402 691
895 4346 996 4401 insana
1016 4353 1080 4416 poet
1098 4345 1196 4399 Casina
1210 4335 1279 4407 suppl·

210 4427 248 4492 ()
