2948 5594
172 344 236 407 100
674 342 806 397 rusum
1069 342 1110 398 111
1129 350 1160 415 1,
1179 350 1314 415 ιιι-ω

171 507 265 572 Nune
288 490 561 591 Amphitruonem
585 506 671 588 nied,
695 510 731 570 ut
754 504 867 590 occepi
887 507 1002 588 semel,

170 614 290 678 lterum
314 617 384 678 esse
408 598 609 678 adsimilabo
633 614 729 696 atque
752 614 787 677 in
809 612 925 677 horum
950 612 1106 678 familiam

168 719 275 785 Hodie
297 720 542 785 frustratidnenr
565 719 693 783 iniciam
717 720 910 784 maxumam.

170 824 250 890 Post
272 825 374 911 igitur
397 825 526 889 demum
549 825 667 889 faciam
690 846 742 889 res
768 826 825 891 fiat
847 826 956 910 palam
1051 856 1057 868 ·

169 935 278 1016 Atque
301 916 498 997 liloumenae
522 932 556 995 in
579 932 726 1015 tempore
750 932 906 996 auxilium
929 932 1031 996 feram

168 1038 363 1123 Faciamque
386 1042 422 1102 ut
445 1059 510 1102 uno
535 1039 602 1102 fe‘tu
626 1044 659 1102 et
683 1039 767 1123 quod
791 1039 960 1122 grauiddst
983 1040 1054 1104 uiro

168 1145 213 1209 Et
236 1147 295 1209 md
311 1145 395 1229 quod
419 1145 588 1230 grauidast
610 1146 718 1228 pariat
741 1146 811 1209 sine
834 1146 1009 1210 doldribus.

168 1252 361 1316 Mercurium
385 1252 466 1316 iussi
491 1255 542 1317 me‘
565 1252 717 1316 continuo
741 1252 905 1338 consequi,

169 1356 282 1442 Siquid
306 1358 424 1422 uellem
448 1358 614 1442 imperare.
652 1378 738 1422 nune
761 1357 844 1422 hano
869 1357 1034 1443 adloquar.

504 1640 746 1692 Ahcvms.
783 1640 983 1694 Imma

663 1736 810 1789 Ancvaaru

169 1828 292 1893 Durare
316 1849 438 1914 nequeo
462 1829 496 1892 in
518 1828 660 1891 aedibus.
697 1828 744 1891 ita
768 1830 819 1892 me
842 1829 967 1913 probri,

169 1932 295 2018 Stupri,
318 1934 482 1998 dedecoris
507 1936 526 1998 d
548 1934 620 1998 uiro
644 1934 793 2020 argutam
817 1956 898 1999 meo.

167 2039 217 2104 Ea
241 2043 322 2124 quae
346 2038 421 2104 suflt
443 2040 530 2105 faeta
551 2039 671 2105 infecta
694 2062 729 2104 re
752 2062 822 2105 esse
846 2040 1045 2106 odolamitat:

238 2150 297 2233 888.
319 2150 429 2233 limaisa
443 2196 473 2248 p.
494 2182 564 2244 456,
585 2184 633 2231 10:
661 2179 815 2245 stuprum
833 2180 908 2249 quod
928 2197 991 2235 eum
1009 2181 1103 2236 uiduis
1123 2179 1320 2236 oommittitur

140 2314 144 2319 ,
167 2261 221 2313 hoe
240 2259 329 2314 solum
350 2258 404 2314 diei
424 2261 538 2328 putant:
567 2263 677 2314 ueteres
695 2275 746 2328 pro
760 2258 898 2313 adulterio
912 2259 942 2313 et
961 2258 1030 2314 uitio
1048 2263 1165 2330 ponunt
1194 2260 1316 2315 Plautus

167 2340 382 2409 Amphitryone:
412 2339 539 2409 ‘stupri
558 2380 564 2393 .
580 2383 586 2395 .
603 2382 609 2393 .
629 2338 716 2394 rneo'

167 2465 231 2519 huic
251 2466 366 2533 expetat
385 2463 560 2517 Camerarius
632 2469 692 2517 878,
712 2461 929 2530 amphitrionem
946 2461 1052 2517 BDE.
1085 2462 1314 2533 amphitrionem

167 2544 189 2596 J
260 2545 324 2597 med
343 2560 496 2615 anonymus
510 2543 574 2598 Iud.
591 2543 659 2611 phil.
680 2542 801 2609 (lollius.
820 2546 839 2595 t.
855 2542 897 2595 ΙΙ
913 2542 1181 2611 (u.1870)p.239.
1209 2548 1317 2599 memet

165 2624 239 2678 libri.
281 2642 326 2678 me
354 2625 395 2678 ita
418 2624 568 2677 Muellerus
593 2621 739 2675 ‘Nuetta’
761 2640 790 2691 p.
816 2626 869 2677 158
947 2626 1050 2678 memet
1076 2621 1314 2692 Amphitruonem

166 2705 198 2757 ut
216 2704 395 2758 Hermaauus
409 2709 472 2757 leste
485 2702 678 2756 Lindemann
750 2707 810 2757 874,
826 2703 930 2757 Itemm
945 2718 1004 2756 esse
1018 2702 1197 2758 adsimulabo
1211 2704 1314 2759 Flest-

164 2785 283 2838 eiseuus:
320 2782 388 2837 Esse
411 2782 586 2837 adsimulabo
615 2783 687 2835 libri.
731 2781 792 2851 Ego
820 2781 996 2836 adsimulabo
1023 2798 1085 2837 esse
1106 2784 1149 2837 uel
1171 2784 1242 2839 Esse
1265 2784 1312 2839 ad·

165 2864 302 2918 simulabo
327 2879 378 2932 ego
404 2864 556 2917 Muellerus
573 2879 603 2930 p.
623 2866 685 2916 495.
723 2861 790 2915 Esse
813 2860 861 2914 bio
880 2859 1056 2915 adsimulabo
1077 2860 1199 2931 Pylades
1273 2863 1312 2917 in·

165 2944 263 2997 horum
283 2943 349 2998 El.
385 2943 416 2996 in
437 2942 545 2996 boruno
567 2941 685 2995 Bellias
774 2947 834 2997 878.
858 2939 949 2995 Hodie
975 2941 1187 2997 frustrationem
1210 2940 1311 2997 Fica·

164 3024 283 3077 eiseiuue:
311 3020 527 3076 Frustrationem
557 3021 640 3076 hodie
665 3022 730 3075 libri
758 3021 996 3087 (Frustracionem
1022 3022 1063 3089 J).
1103 3021 1312 3077 Frustmtiones

164 3103 247 3157 hodie
270 3106 307 3167 (el
333 3106 489 3159 maxumas)
516 3102 556 3155 uel
583 3101 801 3155 Frustrationem
830 3099 871 3155 ita
901 3102 985 3156 hodie
1015 3102 1169 3157 Muellerus
1190 3118 1224 3170 p.
1248 3105 1310 3157 494.

164 3181 383 3236 Frustrationem
398 3180 515 3235 hoeedie
530 3180 695 3235 Riueuuias
709 3180 779 3234 Noa
793 3197 849 3235 exe.
864 3198 895 3250 p.
912 3184 956 3235 93.
990 3181 1213 3236 Frustratiouem
1227 3178 1311 3236 hodie

164 3260 209 3314 hio
230 3261 412 3315 Casnerarius.
445 3258 663 3313 Frustrationern
684 3276 737 3328 ego
756 3258 839 3313 hodie
855 3258 976 3329 Pylades
1046 3258 1159 3314 initium
1178 3258 1245 3313 BE

164 3339 314 3393 maximam
334 3341 363 3392 E
434 3346 493 3395 878.
513 3339 625 3406 faciam,
644 3359 671 3393 m
686 3358 719 3393 ex
733 3344 746 3392 t
762 3338 793 3391 E
862 3341 955 3392 utres
974 3339 1311 3407 Fleckeiseaus,sortarse

163 3436 224 3472 oure
302 3424 360 3473 877.
383 3420 545 3474 alaumaeue
563 3420 599 3475 B.
632 3421 777 3491 aleumene
795 3419 823 3473 J.
860 3418 1003 3473 alcumena
1022 3419 1054 3472 E
1131 3419 1309 3489 inntempore

164 3498 201 3552 Ε.
229 3498 421 3567 intempored
488 3505 547 3554 878,
562 3499 728 3568 Fatiamque
743 3499 773 3551 E
837 3496 897 3571 fetu
912 3498 948 3552 E.
976 3499 1053 3553 loetu
1066 3498 1125 3552 DJ
1189 3496 1309 3569 grauida

164 3582 207 3632 est
222 3578 288 3633 libri
359 3585 419 3634 879.
439 3580 556 3649 grauida
571 3579 652 3633 estJ
722 3582 782 3632 880.
797 3577 910 3631 iussime
925 3578 955 3630 Ε
1024 3578 1104 3648 sequi
1119 3578 1144 3632 J
1147 3578 1177 3633 F
1248 3582 1306 3632 881.

163 3658 193 3713 Si
216 3659 284 3728 quid
306 3659 363 3713 DJ
450 3658 588 3728 imperare
609 3674 664 3713 rus.
688 3676 721 3713 ex
744 3656 881 3726 imperare
905 3658 940 3711 E.
981 3657 1151 3728 imperarem
1173 3660 1213 3713 Z:
1239 3675 1305 3715 eurr.

163 3741 328 3792 Gulielmius
399 3738 535 3805 adloquar
553 3755 586 3791 ex
604 3738 742 3807 adloquor
760 3737 797 3791 D.
830 3738 957 3806 alloquar
974 3738 999 3791 J

234 3818 294 3871 Aet.
315 3817 375 3869 ΙΙΙ
389 3822 458 3872 sa2
530 3815 733 3871 ALOVMENA
745 3815 948 3871 svpruan·
970 3817 1034 3871 BE
1049 3819 1109 3883 (alt.
1123 3818 1151 3870 A
1167 3834 1203 3873 ea·
1219 3816 1255 3885 E)
1269 3814 1302 3871 J:

162 3913 212 3950 om.
236 3898 327 3965 spolio
345 3900 437 3953 relicto
456 3897 486 3950 D
576 3902 636 3951 882.
664 3899 739 3953 Pers.
763 3916 813 3953 om.
833 3897 896 3950 BD
985 3896 1090 3953 Dumrs
1108 3897 1145 3952 B.
1180 3914 1260 3952 arare
1279 3912 1299 3951 u.

162 3983 231 4045 spat.
263 3976 326 4030 mu
414 3995 522 4051 nequeo
547 3978 575 4031 B
662 3978 791 4032 inedibus
818 3977 854 4031 E.
896 3978 925 4031 in
959 3977 1058 4033 edibus
1085 3977 1111 4032 J
1197 3976 1239 4033 ia
1261 3974 1296 4029 sis

162 4057 256 4124 probri
279 4059 395 4112 Bruuue
420 4059 557 4113 obseurat.
580 4075 692 4127 quaram.
708 4077 738 4127 p.
759 4062 794 4112 12
883 4063 943 4113 883.
963 4058 1041 4112 auito
1059 4057 1119 4112 ΕΙ
1206 4058 1294 4127 mgna

161 4138 272 4193 Nouius
359 4145 419 4192 884.
445 4139 486 4190 Ea
509 4156 563 4210 quo
587 4140 644 4192 ΕΙ
731 4138 835 4192 inlecta
858 4154 887 4191 re
915 4154 974 4192 esee
999 4138 1217 4195 Lindemuunus.
1257 4135 1288 4189 iu·

160 4218 266 4272 lecturo
299 4220 343 4271 est
374 4216 478 4271 BDE.
533 4216 666 4272 infectare
693 4218 846 4283 (infectare
877 4217 906 4271 J,
953 4217 1058 4274 inlecta
1084 4235 1114 4273 re
1144 4219 1186 4287 Z)
1210 4212 1285 4273 Jl'l

160 4296 266 4351 infecta
293 4312 354 4349 esse
383 4296 545 4349 Suraeeuus.
587 4298 692 4353 inlecta
719 4299 742 4353 is
774 4315 835 4352 esse
864 4297 991 4367 Pylades.
1037 4316 1081 4367 re,
1108 4298 1214 4353 inlesa
1241 4308 1295 4353 m

161 4376 342 4428 llermuuuus
360 4379 423 4426 tssle
441 4374 632 4431 Liudemuuno
705 4379 866 4434 odolamitat
880 4376 1051 4433 Gronovius:
1078 4380 1109 4432 at
1126 4372 1303 4443 clamata,

162 4454 328 4507 adolamitat
346 4453 382 4506 Ε.
416 4453 578 4508 aeclamitat
596 4473 628 4510 uc
651 4461 735 4525 atque
754 4457 882 4514 clamitat
900 4459 937 4511 l).
971 4457 1135 4513 acuamus
1146 4456 1232 4513 m
