2948 5594
161 234 225 297 104
638 229 826 286 APPENDIX

232 385 292 434 126.
311 379 347 433 ad
365 379 480 432 fratrem
495 394 528 431 ac
547 379 643 446 (atque
658 375 693 429 ad
709 376 757 443 at.)
776 374 847 428 alios
868 374 1010 437 Gruterus
1018 374 1127 444 Suspic.
1143 374 1186 427 VI
1192 378 1217 430 5.
1237 373 1292 429 Post

159 459 206 515 ibo
224 457 356 513 distinxit
374 458 497 512 Kocbius
516 456 578 510 Em.
600 456 694 510 Plaut.
710 472 741 524 p.
760 455 808 509 VI
823 456 892 511 coni.
911 474 936 510 o.
951 459 1019 510 457,-
1037 459 1067 509 at
1085 456 1120 522 ct.
1139 472 1199 511 cunr
1215 459 1290 510 11197

160 547 217 594 tum
236 559 259 595 o.
281 543 341 594 194.

233 625 292 673 127.
311 635 346 672 ne
367 647 398 656 -
419 615 596 671 turbauerint
612 633 665 684 pro
683 616 896 671 turbauerintno
915 617 987 685 poni
1000 616 1122 684 putabat
1143 614 1286 670 Gulielmius

162 702 213 769 Qu.
228 701 260 752 in
279 698 345 751 Aul.
364 699 386 750 I
399 716 429 765 p.
445 700 506 749 343.
543 696 587 749 De
605 696 729 765 quipiam
748 696 921 751 Flectemeno
941 696 1096 765 Briuioque
1113 696 1177 753 otim
1190 696 1285 764 probato

161 781 196 844 cs.
216 778 373 831 Ir'ienr'tzius
397 778 429 830 rte
447 790 500 838 ow
519 776 568 830 loc.
587 776 656 830 nrod.
680 793 708 844 p.
727 780 793 832 562.
832 774 954 830 Ceterum
972 792 989 828 o
1010 779 1061 829 128
1098 772 1230 829 Continuo
1251 789 1283 826 ns

160 858 225 913 inde
247 856 371 911 Guietus.
392 886 424 895 -
443 871 538 908 rursus
559 854 683 922 Grcietus,
701 855 826 910 Botbius.

234 943 293 992 135.
313 937 398 990 miser
416 953 434 989 a
447 935 633 989 macritudino
653 937 713 1004 (ubi
730 953 797 1005 praa
817 937 904 990 iocum
921 935 1040 1003 baberet)
1056 934 1185 1004 Sentium,
1201 933 1280 989 oum

160 1019 232 1074 mices
256 1018 341 1072 Veris.
362 1018 382 1069 I
401 1020 436 1071 12
456 1033 485 1084 p.
505 1020 576 1081 267,
600 1017 658 1070 alii.
687 1014 790 1070 misera
816 1014 1002 1070 macritudine
1024 1016 1076 1071 etet.
1099 1032 1160 1069 sum
1183 1014 1280 1080 (tutetur,

162 1099 324 1169 Spenpetius
348 1097 448 1150 Pbitot.
470 1096 585 1148 XXIV
599 1113 628 1164 p.
648 1100 711 1151 350.
735 1095 819 1149 miser
841 1095 1019 1165 aegritudine
1041 1094 1222 1151 I'tecteisenus
1238 1110 1278 1148 nou

161 1183 230 1231 recte
253 1193 390 1231 remouens
412 1170 489 1240 ἅπαξ
514 1173 662 1243 εἰρημένον
684 1178 713 1243 (a
732 1174 874 1230 Rassoroio
892 1176 1022 1229 omissum
1039 1177 1073 1230 in
1090 1176 1179 1230 indice
1193 1190 1277 1229 amusa-

163 1258 284 1327 tissimo).
308 1256 389 1310 b'ibii
408 1256 527 1324 profecit
550 1254 697 1310 Rebtinius
719 1257 751 1309 ris
773 1255 847 1310 Nou.
871 1256 962 1311 Marc.
987 1255 1004 1308 t.
1030 1255 1075 1309 Pi.
1092 1272 1121 1324 p.
1140 1259 1181 1310 51.
1221 1253 1277 1323 Quoi

161 1336 261 1404 scripsi
279 1337 346 1391 dcccc
365 1336 392 1389 B
410 1351 440 1389 eo
457 1335 585 1401 prirentur
607 1337 679 1404 auoit
701 1336 774 1390 aiios
797 1351 900 1406 quoque
919 1338 950 1390 in
973 1335 1072 1391 titteris
1090 1337 1199 1405 ipsaque
1217 1335 1276 1403 toruo

163 1417 254 1469 littera
273 1416 344 1469 ludit
365 1416 493 1469 Plautus.

237 1501 296 1551 139.
329 1496 425 1563 Egone
448 1511 504 1549 non
528 1495 609 1549 fleam
635 1495 715 1549 illum
741 1495 866 1551 Guietus.
903 1495 983 1565 Egon
1007 1498 1040 1551 ru
1057 1494 1138 1551 illum
1155 1511 1203 1549 non
1217 1493 1275 1548 flun

163 1577 324 1647 Speupstius
342 1576 444 1630 Parcas.
465 1574 632 1628 XXXVII
648 1593 680 1645 p.
698 1580 803 1647 422sq.
827 1579 1007 1646 redarguente
1025 1575 1135 1631 Briaio.
1158 1591 1220 1645 egon
1236 1589 1276 1626 non

164 1658 281 1712 defleam
301 1657 424 1711 Bossoba
442 1656 619 1722 confirmante
637 1657 769 1727 Seyfferto
783 1659 830 1712 ts.
840 1674 861 1712 s.
877 1658 925 1725 (ari
939 1674 963 1711 a.
975 1659 1030 1723 77).
1050 1673 1103 1724 ego
1121 1673 1173 1710 non
1189 1653 1274 1707 debean

163 1737 447 1805 Botbius,Bentieius.
463 1735 525 1789 An:
545 1735 641 1804 Egone
655 1736 734 1791 illum
749 1737 885 1793 neflearut
901 1754 973 1807 egon
987 1754 1042 1791 nou
1058 1734 1191 1792 defleam?
1207 1733 1230 1787 V.
1239 1736 1274 1786 113

163 1817 312 1872 habuimus
333 1816 465 1871 Orcinius
485 1815 584 1870 Pbilol.
605 1817 656 1869 IX
669 1834 700 1885 p.
719 1822 782 1871 673.
1091 1856 1099 1899 5

237 1903 296 1952 148.
328 1894 390 1964 Ego
409 1894 533 1949 alienus?
571 1896 761 1952 succenseam
780 1902 849 1952 recte
866 1898 1005 1965 anniacus
1023 1914 1056 1952 eu
1076 1897 1178 1967 eotpori
1191 1894 1273 1949 distin

164 1980 237 2033 tione
256 1978 300 2046 (cs.
313 1976 516 2043 auv.208sp.).
537 2006 569 2014 -
590 1974 633 2028 illi
650 1982 759 2044 praetor
777 1978 847 2032 aiios
865 1979 1017 2033 oirsrtr'cnoit
1036 1978 1190 2047 Spmrpelius
1204 1975 1218 2027 i.
1231 1988 1246 2026 s.
1258 1985 1274 2022 r.

238 2063 287 2111 152
297 2072 352 2125 sqq.
376 2055 436 2110 Hos
458 2057 531 2109 iocos
549 2071 610 2109 curru
632 2057 795 2126 colloquium
813 2059 945 2126 impertire
963 2064 1022 2111 tum
1040 2054 1220 2112 abborrerent
1235 2048 1274 2105 Ht-

164 2139 255 2207 pionis
274 2151 395 2205 persono
413 2134 573 2205 Spenpetius
595 2137 679 2190 sensit
697 2137 798 2191 Pbilot.
820 2139 871 2191 not.
893 2136 1060 2190 XXXVII
1072 2154 1102 2206 p.
1122 2138 1172 2191 42¹1
1189 2165 1213 2173 —
1228 2142 1275 2183 mu

165 2218 246 2272 aliter
268 2220 293 2270 et
316 2231 377 2271 cum
402 2215 506 2269 torario
529 2219 553 2267 et
577 2215 640 2268 stein
663 2230 724 2269 curn
747 2218 876 2284 parasito
900 2217 972 2271 trinit
995 2237 1043 2269 -.·
1076 2223 1105 2271 at
1127 2216 1190 2270 male
1206 2229 1225 2268 o.
1240 2210 1275 2261 15³

166 2297 289 2367 Hegioni
307 2295 474 2350 continuans
493 2294 578 2348 eidem
595 2311 619 2347 v.
641 2300 739 2365 lbbsq.
758 2304 784 2350 et
799 2316 823 2351 v.
841 2303 978 2351 lab-171
1000 2298 1107 2363 tribuit,
1124 2302 1202 2351 cetera
1213 2305 1275 2362 paro·

165 2379 218 2432 sito
249 2376 331 2445 (guod
355 2375 396 2429 oet
421 2373 474 2427 tibi
500 2390 524 2426 u.
545 2378 604 2427 154.
631 2380 690 2428 159.
711 2381 762 2429 164
788 2377 908 2430 excludit
933 2384 959 2431 et
981 2378 1056 2430 notio
1080 2377 1149 2431 norb.
1173 2373 1277 2441 imperare

166 2456 320 2512 exercitum
339 2454 495 2522 remissum)
513 2454 599 2507 simili
617 2456 685 2509 citio
703 2471 755 2524 quo
773 2473 796 2510 o.
821 2462 870 2510 lbb
889 2455 947 2510 dixi
966 2455 1131 2524 Lambinus,
1150 2450 1279 2510 Guiietniu

168 2542 218 2607 tiu.
238 2538 269 2591 in
284 2536 362 2603 Capi.
371 2551 399 2603 p.
411 2538 474 2601 354,
493 2534 544 2587 atii
562 2535 602 2587 eet
620 2534 700 2588 duxti
717 2535 872 2590 Paimerius
886 2536 982 2604 spicit.
998 2554 1029 2605 p.
1041 2541 1105 2602 667,
1123 2536 1229 2595 Siberus,
1239 2528 1280 2586 otii·

166 2618 259 2686 Neque
278 2621 368 2669 taurea
385 2615 481 2668 metius
495 2618 558 2681 post
576 2613 708 2668 Botbium
726 2616 931 2685 Koeptiumque
956 2616 1167 2684 Kamprnuunus
1185 2616 1229 2669 ‘res
1241 2608 1280 2664 ab

167 2697 224 2751 ΡΙ]
240 2714 270 2766 p.
290 2701 324 2749 31
345 2695 436 2748 Eheu!
455 2691 521 2747 huic
540 2695 568 2761 (i.
579 2711 599 2747 e.
620 2693 690 2746 mihi
709 2696 749 2749 eei
767 2696 874 2762 uentri)
951 2697 1088 2749 exercitus
1107 2696 1228 2767 Ergasito
1241 2706 1283 2746 cor·

168 2777 296 2831 tinuuuit.
335 2776 375 2829 Iu
397 2774 568 2843 sequentibus
591 2775 639 2827 ubi
662 2775 816 2829 Lambinus
845 2782 914 2830 recte
932 2793 1066 2844 personas
1089 2777 1221 2831 distribuit
1240 2770 1284 2826 ‘ati-

167 2862 231 2925 quot
249 2857 383 2911 librorum
402 2856 579 2923 antiquorum
598 2854 798 2908 nicotoritatcm’
819 2856 851 2907 in
868 2856 919 2909 buc
932 2873 962 2909 ra
979 2857 1068 2923 affert.
1090 2857 1130 2922 Cf.
1146 2857 1181 2910 ad
1194 2873 1214 2909 e.
1228 2858 1273 2907 111.

240 2943 299 2990 152.
324 2935 376 2989 Eoi
396 2935 422 2989 ei
440 2935 582 2989 Bentleius
605 2936 642 2988 aei
664 2934 723 2988 Ter.
750 2934 826 2988 Eun.
848 2935 899 2987 IV
915 2940 945 3000 4,
965 2940 1001 2989 47
1020 2937 1227 2991 adsentientibus
1241 2933 1287 2987 Rit-

167 3018 264 3071 scbeiio
283 3017 388 3084 Protep.
405 3033 434 3083 p.
451 3014 630 3068 CLXXIII
648 3014 876 3084 Ftecbeiseuoqru
900 3014 990 3081 (oiei):
1009 3017 1043 3081 cf.
1065 3016 1212 3070 Muellerus
1229 3014 1289 3069 Itos.

165 3114 194 3163 p.
217 3100 279 3149 646.
300 3099 362 3149 716.
396 3094 464 3147 Viae
481 3109 575 3161 supra.

243 3179 302 3229 154.
323 3176 422 3226 nactus
437 3190 487 3226 om.
503 3188 532 3225 es
544 3173 613 3225 ructo
627 3173 680 3238 def.
693 3175 807 3228 Olsenus
823 3174 929 3244 Quaest.
951 3174 997 3227 Pi.
1008 3176 1216 3231 deombosubst.
1226 3193 1251 3244 p.
1261 3176 1292 3227 16.

243 3260 300 3307 155.
320 3269 450 3321 reparare
472 3253 550 3304 Pius.
576 3251 644 3305 Vide
660 3269 756 3321 supro.

243 3340 299 3390 167.
320 3335 508 3400 Posteaquam
532 3335 629 3400 captus
655 3338 697 3387 ost
719 3332 769 3387 Ph.
789 3335 808 3386 t.
833 3334 884 3387 rtet.
922 3333 1001 3398 Quod
1025 3335 1167 3404 obtigerat
1189 3334 1294 3406 Purus·

170 3413 243 3480 Quoi
262 3413 404 3481 obtigerat
417 3413 566 3481 postquam
582 3415 695 3481 captust
710 3412 919 3480 Philbpolemua
929 3415 1060 3470 Bosseba.
1089 3415 1160 3480 Quoi
1178 3413 1297 3484 obtigerat

168 3497 233 3565 post
252 3493 462 3561 Philopblomus
485 3508 569 3560 quam
594 3493 707 3561 captust
724 3495 789 3548 tuus
809 3494 1007 3549 Fuscianum.
1039 3500 1186 3564 postquam
1205 3494 1297 3563 captust

169 3575 217 3628 Ph.
229 3580 248 3627 t.
258 3580 321 3643 post
341 3573 414 3639 Quid
434 3572 540 3626 credis?
560 3574 694 3626 collocans
712 3572 784 3637 Quoi
803 3573 946 3642 obtigerat
960 3591 1078 3643 prorsus
1093 3583 1201 3645 praeter
1217 3588 1296 3629 uorem

166 3655 313 3723 praemisit
327 3671 345 3706 a
359 3670 413 3720 qua
430 3653 529 3721 pendat
548 3653 656 3706 notione
671 3652 794 3722 fugitant
813 3671 909 3708 omnes
928 3654 1000 3710 hanc
1019 3657 1183 3724 prouinoam
1197 3657 1298 3711 Banu

169 3738 204 3801 es.
216 3735 279 3787 Em.
290 3736 323 3786 in
338 3733 383 3785 Pi.
396 3732 473 3799 Oopt.
488 3749 518 3799 p.
530 3737 555 3786 3.
586 3734 616 3797 Q.
628 3748 652 3786 ο.
664 3752 689 3801 p.
706 3733 779 3788 tilius
795 3738 909 3804 captust
923 3739 986 3789 tuos
1003 3737 1156 3791 Muellerus
1177 3732 1296 3790 ‘Noctua'

167 3834 196 3883 p.
216 3821 252 3869 57
272 3814 376 3882 (debuit
395 3814 489 3866 saitem
513 3813 612 3881 captus
642 3815 684 3868 ost
708 3817 809 3884 gnatus
829 3816 911 3884 tuos).
945 3816 989 3870 De
1011 3817 1108 3885 atiquo
1126 3815 1297 3886 Philpolemus

166 3894 396 3962 pronuntiatione
414 3893 531 3946 sornrriat
550 3892 709 3964 Spmspeiius
728 3896 744 3948 l.
763 3912 784 3948 s.
804 3911 825 3948 s.
847 3897 925 3962 (cont.
945 3894 1132 3963 malficiumt).
1172 3895 1297 3949 Traditum

169 3974 305 4041 defendit,
337 3978 368 4026 ut
391 3973 469 4040 solet,
503 3972 640 4027 Votienus
664 3975 783 4028 Hennae
813 3975 913 4028 XVII
930 3992 961 4044 p.
981 3981 1043 4030 015,
1080 3976 1190 4032 Scilicet
1218 3987 1296 4028 nomen

167 4055 314 4123 proprium
327 4053 463 4119 babemus,
482 4054 554 4122 puori
568 4059 657 4108 tamen
675 4056 800 4109 nectabis
817 4056 938 4109 nurneris
956 4056 1115 4110 corretuderc
1125 4057 1215 4125 potuit
1224 4055 1296 4124 poeto·

170 4133 427 4202 Lanpuidissimum
445 4139 483 4187 est
500 4135 630 4202 plassemo
644 4135 764 4190 traiectis
783 4136 871 4190 verbis
890 4134 955 4203 quoi
974 4134 1117 4206 obtigerat
1134 4138 1166 4191 in
1182 4130 1297 4192 omsussi

170 4215 213 4269 rtis
228 4215 320 4283 placet
338 4215 450 4282 speciem
468 4215 608 4267 redactum
626 4231 710 4283 neque
729 4216 920 4285 neptepemtum
935 4217 966 4270 in
983 4213 1295 4271 baoreintereae.15t

243 4299 301 4347 158.
322 4291 438 4361 fugituri
459 4290 616 4361 (saperius.

243 4378 302 4426 160.
323 4372 481 4442 primodum
500 4374 627 4443 Pylades,
642 4375 782 4429 Meursr'us
797 4375 896 4431 Exere.
913 4377 973 4431 crit.
985 4377 1006 4429 I
1020 4393 1049 4446 p.
1061 4380 1097 4431 55
1113 4376 1172 4431 atii.
1185 4405 1215 4415 -
1225 4369 1295 4427 Pisto·
