2948 5594
160 323 224 388 150
633 320 819 377 APPEme
1039 404 1047 413 .‚
1165 327 1304 377 eoo-on

159 483 279 554 (Licebit
301 482 370 552 quid
391 498 482 538 omem
501 482 646 537 consulere
664 482 803 553 Botbiue).
842 482 992 538 Consulere
1011 484 1112 554 potero
1133 483 1306 539 Camerarius

159 581 220 618 eum
242 562 291 616 13².
313 593 342 604 -
364 561 431 630 quid
456 580 547 617 emem
570 563 682 634 oportet
707 563 800 618 Putat.
825 562 878 617 VI.
915 562 982 631 quid
1006 579 1100 617 omum
1123 579 1247 633 aequum
1266 567 1306 620 cet

162 643 305 698 Gruterus.
326 673 358 682 -
378 659 452 696 nuno
476 640 557 698 ebio?
583 643 712 714 Pylades.
750 644 887 698 Proxima
908 645 948 698 sic
966 642 1097 698 ordinari
1114 643 1305 699 0010ιὶ919οὰ-

159 725 258 795 wt'yt‘us
287 723 362 778 Mus.
382 722 470 778 Riecte.
490 724 553 776 ΙΙΙ
569 741 597 793 ρ.
621 727 693 779 203:
716 728 776 778 500.
800 728 861 791 tou
884 729 945 779 bos.
971 728 1032 778 501.
1059 729 1113 778 604
1141 725 1218 792 salsa
1243 739 1306 780 usur

161 805 274 859 ratione.
911 818 917 828 ·

250 888 311 939 503.
332 883 375 938 Se.
395 884 469 938 Vola
488 883 594 938 Dousc.
632 882 676 939 Se.
695 883 707 936 Ι
725 883 809 938 modo
828 884 953 941 Botbiue.
1313 926 1322 941 .

250 969 310 1019 004.
328 962 392 1018 Nou
410 964 499 1018 tribue
517 963 643 1019 Botbius.
664 994 696 1004 —
715 962 820 1034 poesim
840 963 1023 1019 Camerarius.
1039 995 1073 1005 -
1094 965 1169 1021 Mox
1188 982 1241 1035 ego
1257 966 1304 1020 det.

161 1046 284 1101 Guietus.

252 1130 312 1182 506.
345 1127 428 1180 heroe
461 1141 542 1180 meae
575 1142 684 1180 omnem
713 1125 832 1180 Botbiue
864 1128 970 1194 (poetro
1003 1142 1062 1180 rem
1090 1143 1206 1183 omnem
1232 1143 1305 1182 meue

160 1206 264 1274 herae).
302 1206 345 1272 Of.
360 1206 540 1276 Bneymanue
559 1206 592 1261 de
609 1207 690 1260 iamb.
709 1222 765 1260 cen.
782 1209 872 1274 1227.
888 1235 922 1246 -
937 1205 1007 1260 Mox
1026 1206 1056 1260 In
1075 1223 1153 1262 noxe
1170 1208 1253 1262 teneo
1271 1225 1304 1262 m.

161 1286 179 1341 i.
199 1303 234 1340 m.
256 1286 379 1340 Guictue.
399 1316 433 1326 -
458 1285 490 1340 V.
511 1289 563 1339 508
583 1283 628 1338 Sic
648 1284 672 1338 ei
691 1301 764 1339 nunc
785 1285 945 1356 Geppertuc.
1107 1298 1115 1305 ·

252 1371 312 1420 b09.
343 1365 459 1434 pulchre
487 1365 665 1435 preeuortem
693 1363 770 1419 uiroe
796 1366 953 1422 Lambinus
980 1368 1011 1420 in
1037 1373 1134 1422 annot.
1163 1383 1226 1422 eum
1248 1367 1305 1422 Pio.

161 1445 256 1517 pulcre
279 1447 440 1516 peruortem
464 1446 540 1500 uiros
564 1444 715 1516 Lanuenus
738 1445 849 1500 ‘Beitm’
869 1464 900 1516 p.
919 1451 958 1502 80
976 1447 1021 1516 (ef.
1040 1445 1119 1503 Seue.
1144 1446 1190 1502 ΡΙ.
1205 1465 1236 1517 p.
1253 1449 1305 1516 29).

162 1528 201 1581 At
224 1528 315 1596 ipsum
336 1526 446 1580 verbum
465 1527 630 1595 praeuorter
647 1541 819 1594 nequaquam
837 1527 949 1597 euicere
967 1528 1067 1597 optim
1084 1530 1217 1598 quadrat,
1234 1531 1305 1583 modo

162 1613 329 1662 structuram
348 1601 541 1660 immutaveris.
582 1604 622 1672 Cf.
642 1605 730 1659 Persa
748 1611 811 1661 799.

252 1693 312 1742 blo.
332 1686 435 1742 Nostro
458 1686 554 1741 ordine
579 1687 712 1756 ‘priscum
732 1686 868 1740 columen’
888 1688 962 1756 quod
979 1687 1126 1743 Bononiae
1144 1689 1218 1743 vidit
1236 1689 1305 1742 Pius.

163 1768 241 1821 -it
263 1767 336 1821 dies:
360 1768 419 1820 tem
442 1765 511 1821 uicti
536 1766 625 1821 Vatia.
663 1767 687 1820 it
710 1764 771 1821 dieu
790 1765 860 1821 iam:
880 1765 949 1821 uicti
970 1767 1051 1836 Pius,
1070 1768 1206 1838 leadcs:
1225 1770 1306 1823 neseio

163 1867 201 1903 an
222 1853 299 1902 recte.
336 1845 360 1901 it
379 1844 451 1901 dioc:
475 1862 540 1900 uem
563 1847 618 1900 ium
638 1846 707 1900 uicti
726 1845 907 1916 Bruymonus
925 1847 942 1900 1.
962 1863 983 1902 s.
1002 1865 1023 1901 e.
1038 1866 1070 1917 p.
1090 1854 1134 1903 11.
1174 1849 1218 1916 Cf.
1237 1848 1306 1920 Scyt·

162 1931 251 1996 [crtus
269 1928 300 1981 in
318 1925 457 1981 Bursiani
475 1927 580 1981 Annei.
602 1925 733 1981 XLVII
745 1944 775 1996 p.
795 1930 831 1980 31
845 1943 884 1997 eq.

252 2011 312 2062 519.
335 2005 402 2074 Ego·
419 2006 541 2061 uicissim
565 2004 623 2062 elio
646 2023 720 2060 nune
740 2007 868 2078 Pylades.
906 2005 967 2077 Ego
985 2025 1059 2062 nuuc
1077 2007 1238 2064 uicissetim
1257 2010 1307 2063 ulio

163 2087 283 2142 Botbius
301 2087 469 2152 dubitanter,
486 2088 632 2156 recipiente
649 2086 791 2155 Gepperto.
829 2087 873 2141 Dc
889 2085 964 2140 idem
983 2086 1111 2142 velitem
1132 2106 1168 2144 ea
1186 2091 1270 2146 attero
1281 2093 1309 2143 ut

163 2169 306 2236 efficiendo
325 2169 405 2237 coeit.
424 2167 574 2221 Muellerus
596 2168 674 2220 Peos.
690 2184 720 2234 p.
740 2171 794 2221 504
813 2167 879 2222 adn.

252 2252 352 2316 01300.
377 2245 448 2312 Quoi
473 2246 549 2315 quod
572 2248 776 2316 paratomon,
795 2249 828 2300 ut
845 2249 880 2317 (et
897 2263 962 2302 moa
979 2251 1125 2317 paratum,
1148 2249 1228 2320 quoi)
1245 2250 1307 2305 Gro

163 2330 262 2384 novius
285 2329 412 2395 itemque,
434 2327 481 2381 sed
500 2325 573 2390 Quoi
597 2325 723 2395 quidem,
745 2327 872 2381 Botbius.
911 2326 1036 2396 Quoique
1061 2328 1091 2382 id
1113 2332 1245 2398 puratum
1263 2334 1308 2394 cst

164 2414 196 2464 ut
219 2408 345 2462 Weisius.
384 2404 443 2470 Quo
472 2405 502 2459 id
529 2407 597 2474 quoi
625 2407 797 2476 paratumst,
825 2406 852 2460 ei
876 2407 1030 2463 Muellerus
1054 2408 1199 2464 ‘Naebtu’
1220 2428 1250 2480 p.
1268 2413 1308 2465 32.

164 2489 197 2542 Id
221 2488 296 2557 quod
315 2488 444 2556 paratum
464 2488 521 2554 eet,
541 2489 573 2540 ut
591 2489 627 2553 (et
645 2503 708 2541 mon
726 2487 825 2556 Sitque
844 2488 873 2541 id
887 2505 941 2558 pro
960 2485 1076 2556 Sietque
1095 2488 1134 2557 ei,
1152 2491 1204 2544 ubi
1221 2490 1247 2543 ei
1264 2490 1308 2543 dci,

166 2569 351 2635 Camerarius)
377 2566 528 2636 Vssinoins.
550 2596 581 2607 -
602 2567 645 2620 De
665 2568 796 2636 proxima
816 2585 916 2623 scaena
934 2570 1046 2638 ipsaque
1066 2570 1263 2625 distributione
1279 2571 1308 2635 ef.

164 2652 245 2703 etiam
264 2649 414 2718 Lanqcnus
433 2647 510 2701 Stud.
533 2647 579 2701 Pl.
595 2665 625 2715 p.
644 2652 699 2701 124
714 2665 752 2716 00.

254 2734 313 2781 blb.
340 2726 458 2780 amicius
482 2744 516 2779 an
541 2729 608 2795 (non
631 2730 712 2794 anne)
739 2727 868 2794 Guietue,
892 2729 956 2782 alii:
980 2734 1009 2782 at
1031 2730 1067 2794 es.
1088 2730 1260 2784 Schraderus
1282 2731 1309 2783 de

161 2814 236 2878 port.
262 2818 314 2858 -ΝΕ
332 2826 361 2875 p.
381 2813 416 2861 39
437 2808 525 2878 (293(
563 2809 606 2862 De
629 2808 708 2861 biatu
731 2809 792 2862 cide
815 2809 853 2863 sis
876 2809 1008 2878 Linoiurn
1023 2826 1053 2878 p.
1074 2814 1130 2876 26,
1155 2810 1308 2865 90000000-

165 2907 231 2943 nuru
246 2907 275 2958 p.
297 2894 342 2953 36,
361 2889 438 2944 alios.

237 2976 314 3022 mr.
346 2968 400 3022 Cur
427 2976 531 3023 amem!
561 2968 651 3023 exime
675 2969 804 3039 Scutioer.
843 2970 943 3024 Curam
971 2970 1008 3023 mi
1034 2971 1125 3024 exime
1152 2971 1307 3026 Lambinus.

166 3051 264 3105 Curam
289 3048 410 3104 eximere
436 3049 613 3117 Gulielmius,
641 3050 790 3105 Benttcius.
828 3049 954 3117 Cetrum,
979 3050 1136 3118 Alcesime‚
1162 3052 1309 3106 Aeidctius.

168 3131 268 3184 Curam
288 3131 378 3184 excire
400 3131 559 3198 Geppertus.
599 3130 640 3196 Of.
652 3130 794 3207 ‘Haudius
817 3130 1019 3185 Terre.11177
1039 3132 1103 3199 (buc
1123 3148 1182 3186 non
1200 3133 1310 3202 respuit

168 3212 319 3280 Lanoenus
337 3212 421 3265 Anat.
443 3211 480 3261 ΙΙ
494 3228 521 3278 p.
542 3216 568 3275 3,
588 3228 664 3278 quem
683 3211 808 3276 conseras
827 3211 911 3264 Arioi.
932 3212 952 3264 Ι
966 3229 995 3279 p.
1017 3214 1072 3279 10).

260 3295 319 3343 518.
340 3307 373 3343 eu
392 3290 488 3344 addito
508 3291 643 3360 Auectius
662 3292 705 3360 (de
723 3305 775 3358 000
795 3292 875 3343 etium
890 3292 1038 3345 Acidaliae
1056 3292 1157 3360 coeit).
1187 3292 1310 3347 coaddito

172 3389 193 3425 e.
213 3387 260 3424 rus.
280 3369 371 3439 Leno.
393 3370 568 3436 Gulielmius,
590 3372 649 3424 otii.
686 3370 730 3423 De
748 3387 772 3423 v.
792 3375 844 3423 5⁶20
858 3387 895 3439 00.
914 3372 975 3424 eide
991 3374 1094 3439 praefi,
1114 3372 1148 3426 de
1168 3374 1205 3425 oh
1224 3391 1248 3427 c.
1266 3377 1310 3424 099

167 3452 323 3520 reponendo
341 3452 411 3504 aeide
429 3453 467 3505 sis
486 3452 645 3506 Itr'cbterum
663 3451 694 3503 in
713 3449 832 3505 Student.
852 3450 929 3506 Seue.
948 3452 970 3504 Ι
984 3469 1011 3520 p.
1030 3456 1094 3518 446,
1114 3457 1179 3506 604.

261 3536 321 3583 093.
346 3528 499 3583 facitodum
523 3529 683 3584 meminoris
706 3547 801 3584 uersus
822 3548 892 3598 quoe
915 3533 1011 3584 cantet
1030 3529 1118 3584 Colax
1144 3532 1227 3586 Vatia
1245 3534 1311 3587 item·

168 3632 227 3684 quc,
245 3614 292 3668 sed
312 3608 472 3665 memineris
491 3610 600 3677 (utufer,
620 3611 776 3665 Saracenas
792 3616 816 3663 et
831 3611 978 3665 Acidulius
993 3612 1049 3680 (sed
1064 3614 1110 3664 eat
1125 3629 1209 3665 uersu
1225 3613 1310 3682 quod).

167 3693 257 3748 facito
283 3692 348 3746 dum
372 3689 462 3744 merui
485 3690 553 3744 effer
577 3708 673 3745 uersus
697 3709 766 3759 0000
790 3692 887 3745 cantet
910 3691 995 3746 Colux
1021 3691 1100 3745 Pius.
1140 3691 1229 3746 facito
1253 3693 1312 3746 dum

171 3806 202 3814 -
224 3771 363 3826 merui-
385 3788 453 3838 aper
478 3786 573 3823 uersus
598 3786 667 3838 0000
688 3773 785 3825 cantat
803 3770 879 3825 colec
898 3771 1060 3825 Lambinus.
1096 3770 1186 3826 incito
1207 3773 1272 3825 dum
1289 3773 1313 3826 iu

169 3870 200 3906 eo
225 3870 294 3919 uper
319 3850 364 3903 uel
388 3868 433 3904 sue
456 3851 531 3918 quod
557 3854 655 3904 cuntot
674 3850 749 3905 coloe
768 3852 878 3906 Bosiue.
916 3849 1068 3903 facitodum
1090 3852 1202 3905 merula
1220 3869 1311 3921 pamm

169 3948 265 3984 uersus
294 3948 362 3998 quos
392 3933 489 3985 cantet
517 3932 593 3985 colas
618 3932 742 4001 Scotiyer
767 3933 803 3986 ad
828 3930 940 3984 Festum
964 3932 1090 4000 itemque,
1120 3935 1168 3986 sed
1190 3933 1311 4001 (merula)

168 4027 254 4080 puero
274 4012 315 4064 Μ.
335 4011 483 4079 Ktoctius,
510 4018 535 4066 et
556 4011 672 4067 Guietus
694 4014 750 4082 (sed
773 4011 867 4081 pueris
891 4010 1007 4064 uerbum
1031 4010 1118 4079 quod)
1142 4018 1168 4066 et
1192 4015 1249 4080 (sed
1270 4030 1312 4081 per

168 4107 217 4144 uer
244 4109 340 4143 uersus
369 4094 448 4159 quos)
475 4092 656 4146 Buechelerue
679 4096 712 4157 (0.
737 4093 776 4161 i).
818 4091 905 4146 facito
934 4091 1011 4157 dum,
1041 4094 1073 4144 ut
1096 4094 1207 4147 merula
1232 4092 1310 4163 pueri

168 4188 263 4226 uorece
287 4169 362 4239 quod
387 4172 484 4224 cantat
508 4170 593 4226 Colax
617 4171 742 4225 Botbius.
781 4171 867 4225 facito
893 4171 958 4224 dum
982 4171 1120 4224 memorie
1145 4189 1196 4241 per
1220 4174 1309 4242 uolgus

167 4253 242 4320 quod
270 4252 386 4304 cuntant
413 4251 489 4304 cotes
514 4253 673 4320 Geppertus.
711 4251 797 4306 facito
822 4252 887 4305 dum
911 4249 1048 4306 memorie
1071 4267 1222 4320 pernorsus
1245 4252 1308 4321 quod

168 4330 266 4383 cantat
285 4329 360 4383 colus
380 4328 533 4399 Vestricius.
571 4330 656 4384 facito
676 4331 842 4385 memoriola
860 4348 1005 4400 peruerses
1023 4333 1099 4400 quod
1121 4336 1219 4388 cantet
1234 4333 1307 4387 Colax

171 4409 321 4478 Yyrretlius
346 4409 443 4464 ‘Closs
467 4411 540 4466 rcw!
563 4412 604 4463 H
628 4415 664 4480 (a.
686 4416 769 4481 1898)
785 4430 815 4481 p.
835 4416 906 4468 920.
944 4412 991 4468 Ad
1012 4415 1160 4483 apoloqum
1184 4416 1307 4485 quendem
