2948 5594
643 826 828 883 APPRNDIX
1244 827 1307 891 129

163 973 248 1028 Anat.
267 972 506 1042 lupanares.
523 976 585 1040 197,
603 973 639 1027 at.
659 1003 692 1012 -
717 972 748 1027 V.
759 978 811 1027 816
831 971 978 1042 serpiculis
996 972 1117 1027 Parcus:
1136 973 1170 1039 es.
1186 971 1311 1042 Scaliper

161 1055 193 1107 in
212 1053 340 1120 Cantent„
359 1052 549 1107 Fleckeisenus
567 1070 607 1121 ep.
626 1069 662 1106 er.
679 1070 708 1122 p.
735 1053 833 1108 VHH.

234 1138 294 1187 819.
323 1131 409 1201 duplo
434 1132 559 1187 Botbius.
592 1133 707 1200 duplam
729 1149 785 1188 nun
807 1136 903 1188 melius
921 1135 986 1187 aliis
1004 1134 1057 1200 des.
1077 1134 1176 1188 Elius.
1210 1133 1308 1187 duram

162 1212 314 1282 Geppertus
332 1215 367 1279 (et
385 1215 516 1267 exsecant
529 1229 583 1280 pro
603 1212 729 1280 locantl).
749 1213 863 1268 dubiam
883 1217 914 1282 (Ι)
937 1213 1087 1282 Vssinpius.

234 1297 293 1347 823.
314 1291 360 1345 hio
379 1291 466 1345 habet
485 1293 597 1361 quidem
616 1293 734 1363 Pylades
758 1296 851 1362 (etiam
868 1295 900 1348 in
914 1294 942 1347 B
958 1311 992 1347 rn.
1009 1294 1132 1362 Comen).
1156 1294 1202 1347 hic
1221 1293 1309 1349 habet

163 1373 329 1442 Geppertus:
347 1377 377 1425 at
394 1372 429 1438 ef.
450 1370 641 1426 Fleckeisenus
659 1389 697 1442 ep.
717 1390 753 1427 er.
769 1391 799 1443 p.
820 1375 923 1442 XXII,
941 1375 1077 1430 Luebsira
1093 1374 1128 1429 de
1145 1391 1204 1443 pen.
1222 1392 1249 1444 p.
1269 1380 1308 1430 26

162 1459 187 1507 et
206 1453 351 1507 Commeat.
367 1453 477 1522 prosod.
496 1454 575 1521 Hp.
596 1457 628 1505 11
639 1468 677 1520 sq.
696 1457 739 1507 13.
763 1453 831 1509 Vide
848 1456 885 1509 ad
903 1473 927 1510 a.
946 1458 1009 1509 811.

234 1536 295 1586 824.
315 1532 369 1587 sibi
387 1533 477 1587 fecere
493 1531 586 1586 Aetoli
604 1532 678 1585 huno
693 1532 818 1588 Botbius.
837 1535 911 1588 huno
926 1533 1020 1588 Aetoli
1039 1533 1094 1587 sibi
1108 1535 1198 1589 fecere
1210 1533 1308 1589 Fleck-

162 1615 276 1667 eisenus.
292 1611 415 1667 Ceterum
428 1630 452 1668 a.
464 1617 516 1667 826
535 1612 650 1680 Tantus,
668 1614 761 1668 uentri
780 1617 951 1668 commeatus
969 1631 1041 1677 meo,
1061 1613 1142 1669 adest
1159 1615 1308 1683 distinpae-

163 1695 210 1748 bat
231 1695 394 1749 Gronovius.

234 1777 295 1828 828.
330 1773 391 1838 Quo
415 1788 463 1828 ms.
488 1773 588 1843 Lanp„
614 1775 678 1828 alii:
703 1791 787 1844 neque
813 1774 866 1839 Qui
891 1776 930 1828 sic
955 1775 1079 1828 adhiberi
1099 1790 1179 1844 posse
1203 1775 1309 1828 demon-

161 1858 289 1908 strarunt
303 1853 502 1908 Wiebrnannus
521 1854 738 1922 Kienitriusqae,
756 1871 832 1923 quent
851 1855 885 1921 cs.
905 1855 937 1908 de
956 1868 1008 1917 cvl
1027 1856 1075 1908 loe.
1090 1855 1159 1908 rnod.
1179 1853 1307 1924 ert-Lips.

162 1951 186 1987 a.
207 1936 280 1987 1879
299 1933 415 2001 (Annal.
430 1933 500 2001 pbil.
518 1934 608 2003 suppl.
629 1935 669 2000 X)
687 1951 715 2002 p.
735 1938 791 1988 532
799 1951 836 2004 aq.
864 1966 896 1973 —
926 1933 999 1999 Quoi
1019 1934 1163 1989 hominum
1181 1934 1309 2003 Pylades.

162 2011 217 2076 Qui
236 2013 349 2067 homine
368 2011 515 2065 hominum
535 2012 717 2068 Camerarius.
741 2013 852 2067 Servata
871 2011 924 2076 Qui
942 2011 1055 2066 homine
1075 2013 1210 2068 Gruterus
1227 2030 1309 2068 nemo

161 2108 260 2160 nemo,
288 2093 451 2162 Spenqeb'us
478 2109 560 2147 nemo
580 2094 740 2162 quisquam,
771 2092 886 2147 Galatas
910 2092 983 2145 uiuit
1000 2093 1098 2147 hodie.-
1121 2098 1225 2161 reeepto
1250 2092 1310 2157 Quo

162 2172 277 2226 homine
296 2173 476 2240 Kellerbofius
495 2174 512 2227 t.
531 2190 552 2226 s.
572 2190 592 2227 s.
608 2191 637 2243 p.
658 2180 695 2227 80
714 2172 785 2226 alter
803 2171 972 2226 fortunatior
989 2173 1161 2242 supplebant.

235 2256 296 2306 830.
315 2251 391 2306 Heus
411 2253 458 2307 ubi
477 2253 563 2307 estis?
582 2254 651 2307 heus
670 2251 719 2306 nbi
738 2251 805 2306 estis
827 2251 971 2320 Gruterrus,
988 2270 1045 2306 non
1063 2255 1146 2307 male.-
1164 2253 1199 2318 et.
1209 2252 1309 2307 Pseud.

160 2336 286 2387 a.1136.
324 2332 400 2386 Heus
423 2333 565 2403 duplicato
582 2349 637 2388 sen.
656 2333 720 2399 fecit
738 2331 871 2386 Botbius⁸
898 2334 958 2401 (orn.
979 2332 1049 2402 hoc).
1070 2332 1191 2387 Pnltabo
1219 2332 1309 2386 aedis:

160 2410 231 2465 heus
250 2410 301 2465 ubi
319 2413 386 2466 estis
406 2413 599 2468 Fleckeisenus
622 2410 716 2482 (ecqui
738 2413 808 2465 idem
827 2428 867 2480 ep.
887 2428 923 2465 er.
940 2429 970 2480 p.
991 2412 1062 2466 XX:
1082 2413 1116 2478 es.
1137 2413 1173 2465 ad
1190 2429 1213 2466 a.
1234 2413 1310 2476 458).

234 2498 295 2546 831.
316 2509 345 2546 se
364 2492 463 2547 adme
482 2498 545 2546 ante
564 2493 600 2547 ad
619 2508 715 2546 cenam
738 2490 928 2544 Fleckeisenus
946 2508 986 2559 ep.
1001 2493 1061 2546 crit.
1074 2508 1106 2560 p.
1122 2491 1230 2545 XXII.
1250 2507 1311 2545 sese

161 2571 198 2624 ad
217 2588 262 2625 me
282 2571 432 2626 Muellerus
449 2571 531 2627 Pras.
548 2589 576 2640 p.
589 2576 650 2625 646.
672 2586 701 2624 se
720 2569 756 2623 ad
775 2569 840 2624 med
859 2569 899 2626 Β.
919 2571 962 2626 De
981 2572 1027 2625 uel
1046 2572 1206 2625 assultatim
1224 2572 1311 2639 serip-

161 2657 241 2705 turae
259 2653 367 2721 oripine
384 2670 407 2707 a.
428 2657 479 2705 832
504 2653 560 2705 iarn
579 2651 714 2705 Gruterus
736 2656 805 2704 reete
827 2652 976 2705 iudicarit:
999 2651 1070 2706 adde
1092 2652 1130 2705 sis
1149 2651 1311 2718 Lanqenum

162 2730 274 2784 ‘Bella’
296 2748 326 2800 p.
347 2735 382 2785 75
392 2749 430 2801 sq.
450 2730 534 2785 affero
549 2732 673 2798 praefert
692 2730 884 2785 Fleckenenus
902 2748 1005 2799 quoque
1030 2748 1070 2799 ep.
1094 2747 1132 2783 cr.
1153 2747 1181 2798 p.
1207 2730 1311 2784 ΧΧΠ.

162 2812 285 2867 Dubitat
304 2813 405 2866 Caesar
424 2813 456 2866 de
474 2812 517 2865 Pl.
538 2828 612 2865 mern.
632 2829 677 2879 ap.
696 2811 770 2863 Non.
790 2812 830 2864 ed.
850 2812 993 2879 Arpentor.
1013 2828 1038 2864 a.
1059 2813 1133 2864 1886
1148 2827 1178 2878 p.
1193 2813 1241 2864 25.

234 2896 295 2944 833.
323 2891 414 2945 Lubet
437 2892 510 2943 hunc
529 2889 670 2943 hominem
695 2889 826 2956 conloqui
845 2890 994 2944 Bentleius.
1018 2889 1152 2944 Perlubet
1169 2888 1310 2944 hominem

162 2971 294 3038 conloqui
313 2969 387 3024 hunc
406 2971 534 3025 Basscba.
554 2967 686 3023 Perlubet
704 2967 778 3022 hunc
797 2969 928 3038 conloqui
945 2968 1087 3023 hominem
1107 2971 1142 3037 (et
1157 2968 1211 3033 Qui
1225 2967 1311 3038 Erga-

161 3049 462 3118 silumfflecceaenas.
474 3049 607 3104 Perlubet
615 3048 642 3102 h.
653 3049 680 3103 h.
692 3047 770 3102 adire
780 3048 938 3116 (leopertus.
954 3049 1065 3103 lambos
1074 3049 1186 3118 opnoait
1195 3047 1310 3119 Seyffer·
1376 3090 1378 3094 .

161 3136 207 3185 tus
230 3131 331 3187 Pbilot.
356 3129 446 3184 XXV
459 3147 487 3198 p.
507 3133 608 3197 tbesq.
636 3129 743 3194 frustra
770 3128 925 3197 obloquente
956 3130 1090 3183 Muellero
1117 3128 1193 3183 Pras.
1218 3145 1245 3196 p.
1265 3131 1309 3182 64.

163 3215 229 3266 192.
251 3242 283 3249 -
303 3211 365 3277 quis
384 3211 468 3263 uocat
486 3208 606 3262 Briuuus
625 3209 698 3262 alirn.

234 3294 330 3359 Sttsq.
346 3289 465 3359 Re'spice
475 3303 527 3342 me.
539 3285 755 3356 lR.q.t.n.f.n.f.
766 3286 820 3342 hoc
830 3286 875 3342 Mo
884 3287 970 3343 iubes.
986 3288 1040 3342 Sed
1049 3289 1111 3357 quis
1121 3289 1171 3341 tu?
1181 3287 1310 3357 Respice:

162 3370 254 3438 Hegio
273 3369 409 3435 Boeseba,
428 3371 476 3423 abi
496 3369 550 3423 Sed
568 3370 600 3422 tu
619 3369 666 3437 qui
685 3386 714 3421 es
730 3368 871 3435 praeierat
891 3369 1019 3439 Pylades.
1044 3367 1161 3437 Respice
1180 3385 1233 3421 me.
1254 3368 1310 3426 IF.

161 3449 215 3504 tibi
233 3448 311 3517 quod
329 3466 380 3503 nec
394 3450 479 3504 faciet
498 3465 549 3503 nec
567 3466 641 3502 nunc
661 3448 729 3502 facit
746 3447 807 3502 Hbc
825 3463 871 3501 ms
889 3447 981 3502 iubes:
1002 3448 1051 3502 sed
1070 3449 1165 3515 quiet?
1185 3452 1197 3503 l
1215 3447 1311 3518 Respi-

162 3530 263 3582 cedum
282 3529 318 3582 ad
337 3545 393 3583 me:
413 3529 503 3597 Hegio
523 3529 723 3583 Fleckeisenus.
761 3527 879 3596 Respice
897 3529 959 3584 hoe.
994 3529 1144 3582 IFortbna
1167 3527 1241 3595 quod
1261 3543 1312 3581 nec

161 3608 231 3663 fecit
250 3625 302 3663 neo
323 3609 411 3663 faciet
434 3609 479 3661 me
501 3606 580 3662 iubes
601 3608 753 3662 Muellerus
771 3607 788 3660 l.
808 3623 829 3660 s.
848 3625 868 3661 a.
906 3609 947 3662 Et
964 3610 1069 3663 iambos
1092 3615 1117 3662 et
1136 3610 1246 3662 creticos
1265 3624 1311 3676 aq·

162 3690 239 3742 novit
258 3688 408 3759 Seyffertus
427 3689 442 3742 l.
462 3704 482 3742 s.
502 3703 524 3740 s.
553 3685 593 3752 Of.
614 3686 775 3754 Kaernpfius
794 3687 810 3740 l.
830 3703 851 3740 s.
870 3704 891 3741 s.
910 3705 938 3756 p.
958 3693 1000 3742 34.

234 3771 287 3820 836
297 3783 334 3835 sq.
371 3767 533 3822 Yroebaicos
554 3766 619 3831 feeit
642 3765 851 3821 Lindernannus
878 3771 992 3836 optume
1017 3770 1058 3834 (tu
1083 3766 1187 3836 optime
1215 3768 1311 3822 Fleck-

160 3848 279 3914 eisenne)
295 3849 472 3915 optumorum
485 3847 604 3900 scribens
614 3849 678 3914 (quo
687 3852 789 3914 recepto
803 3848 868 3900 olins
878 3847 997 3901 Brixiae
1009 3865 1059 3915 per
1073 3847 1213 3900 aduenisti
1229 3847 1311 3900 iamb.

161 3931 262 3995 septen
286 3928 437 3994 constituit)
460 3932 485 3980 et
509 3926 694 3992 Nescioquam
713 3924 909 3996 (Nescioquem
934 3927 965 3979 tn
983 3926 1115 3992 Bosseba)
1140 3925 1177 3978 ad
1200 3928 1310 3993 portum

160 4005 280 4059 nactu's.
323 4006 441 4061 Gratas
467 4007 639 4060 continuavit
664 4005 813 4073 Seyffertua
836 4008 852 4060 l.
876 4023 897 4062 s.
921 4023 942 4062 s.
968 4008 1015 4076 (ef.
1038 4021 1107 4059 cens.
1126 4022 1157 4073 p.
1182 4006 1312 4072 13503q.)

159 4088 196 4141 ab
212 4084 336 4139 Aduenis
353 4103 452 4141 nouum
467 4104 490 4140 a.
505 4087 651 4152 incipiens,
668 4086 731 4139 item
750 4088 867 4140 admisso
887 4086 1080 4153 Nescioquem.
1109 4084 1138 4137 V.
1158 4089 1209 4137 837
1229 4085 1311 4138 lamb.

160 4172 263 4235 septen.
288 4182 434 4233 aqnosceus
457 4182 570 4220 monam.
591 4182 673 4233 anap.
692 4171 718 4219 et
735 4166 799 4220 dim.
820 4173 881 4220 eret.
901 4183 962 4221 curn
978 4167 1109 4233 pentbern.
1130 4166 1212 4221 troeb.
1231 4182 1312 4234 prae-

162 4247 236 4300 mitti
244 4245 332 4299 voluit
342 4245 545 4300 Studernundus
555 4245 672 4297 Hermae
681 4250 699 4298 t.
708 4244 752 4296 VI
755 4263 784 4314 p.
796 4252 864 4312 268,
883 4248 933 4299 ubi
946 4262 998 4314 per
1012 4245 1096 4298 homo
1106 4246 1219 4314 optume
1230 4247 1312 4314 optu-

161 4342 275 4380 morum
289 4325 440 4393 Geppertus
458 4330 517 4380 tetr.
537 4324 630 4390 trocb„
644 4323 803 4393 Speaqelias
816 4328 886 4380 male
900 4327 982 4381 deleto
996 4325 1112 4379 aduenis
1127 4331 1231 4379 tetram.
1251 4330 1312 4380 eret.

158 4408 240 4475 feeit,
260 4423 311 4474 per
329 4411 475 4474 optumum
499 4408 613 4475 optume
640 4406 670 4458 in
689 4405 750 4474 ipso
769 4407 790 4459 t.
806 4423 830 4459 a.
845 4412 945 4474 septen.
965 4407 1048 4461 lamb.
1070 4406 1212 4460 Abrabam
1232 4406 1311 4460 Stud.

161 4488 209 4541 Pl.
228 4487 269 4540 ed.
289 4504 314 4539 a.
334 4490 406 4539 1884
424 4486 540 4554 (Annal.
560 4487 629 4555 pbil.
649 4487 738 4555 suppl.
759 4486 851 4555 XIV)
866 4504 896 4555 p.
916 4490 973 4541 202
992 4491 1042 4540 aut
1060 4487 1109 4540 bac
1127 4491 1177 4539 aut
1194 4486 1313 4553 temperi

159 4584 195 4620 ea
218 4583 273 4620 usu
291 4569 445 4636 postulans.
484 4565 538 4620 Sed
560 4581 616 4619 non
640 4567 732 4619 minus
756 4568 919 4634 quantumst
943 4567 1086 4620 hominum
1113 4567 1314 4635 optum(0r)um

159 4648 279 4716 optume
305 4647 484 4714 conianqitur
507 4651 603 4700 eontra
625 4663 718 4700 ruunt:
742 4648 814 4700 unde
837 4650 952 4702 alterurn
970 4653 1063 4701 utrum
1086 4647 1227 4700 &lendum
1247 4649 1312 4696 erat.

161 4720 269 4773 Contra
294 4719 442 4771 sannarna
467 4716 537 4770 mihi
562 4724 587 4770 et
611 4717 641 4769 in
666 4720 791 4787 tempore
814 4761 891 4773 .....
914 4735 945 4772 eo
972 4717 1082 4772 fastidis
1109 4718 1174 4785 (abt
1201 4711 1313 4766 faetidis

160 4799 356 4852 Fleckeisenus
375 4804 534 4866 corruptum
556 4798 682 4864 babebat)
708 4799 816 4850 seclusit
840 4798 985 4867 Vestnqius
1008 4815 1041 4851 ee
1064 4796 1188 4863 reliquiis
1207 4794 1314 4858 foedam

158 4885 261 4948 septen.
273 4879 356 4932 trocb.
371 4879 498 4945 efficiare.
518 4882 644 4945 tempore
664 4879 779 4945 optumo
799 4876 914 4931 aduenis
934 4876 1049 4930 Galatas
1068 4875 1126 4942 (qui
1139 4874 1189 4927 del.
1205 4889 1228 4925 a.
1239 4875 1314 4939 837).

234 4962 295 5011 840.
330 4957 385 5010 Pro
412 4957 478 5011 Noli
501 4955 615 5010 nascier
637 4955 786 5010 Acidaliae
804 4956 869 5010 Dio.
886 4973 915 5024 p.
936 4958 1019 5024 98sq.
1056 4954 1120 5006 Non
1142 4951 1211 5005 itast
1235 4952 1315 5017 scies,

221 5057 318 5096 Panum
332 5056 438 5096 Ossam
1086 5048 1101 5095 9
