2948 5594
167 328 217 382 XII
632 330 838 386 PRAEFATIO

170 492 371 557 discesserim
401 495 480 558 satis
510 501 658 558 accurate
687 493 834 559 indicavi.
878 490 1035 560 Attamen
1061 516 1104 559 ne
1133 495 1214 581 quid
1236 496 1314 561 deai-

168 599 309 683 deretur,
338 601 438 684 siqnis
467 601 526 665 sub
555 623 618 665 uno
646 604 820 684 conspectu
845 623 995 666 versuum
1023 602 1182 667 terminos
1206 602 1309 687 perlu-

168 712 271 770 strare
295 708 441 790 voluerit,
464 708 546 774 haec
567 708 698 772 habeto:

259 836 285 880 v.
312 812 537 899 195-239*)
566 815 612 879 sic
640 815 762 879 claudit
793 813 844 879 B:
879 836 917 881 ee
939 836 991 897 seo
1012 849 1057 861 —
1079 814 1166 882 labos
1192 817 1255 881 eo
1276 851 1312 863 -

167 921 255 985 liberi
281 958 316 967 -
344 922 453 986 bonust
475 958 516 969 —
540 921 596 986 obo
619 920 734 985 bob-
749 922 913 987 miraclitrs
939 958 975 968 -
1001 922 1192 987 adimat-
1209 928 1315 1008 postea

170 1064 207 1074 -
233 1028 367 1092 niiicnlis
392 1044 431 1073 -2
456 1029 563 1093 emerit
588 1064 624 1074 —
650 1049 707 1093 nos
731 1064 772 1074 -—
795 1033 881 1093 sinat
905 1012 942 1073 '-
968 1029 1063 1111 optas
1086 1066 1128 1076 -
1152 1031 1258 1097 deceat
1273 1066 1312 1078 -

166 1135 306 1199 dehortor
332 1171 368 1180 -
399 1135 528 1201 arbitris
554 1171 589 1181 -
617 1137 715 1200 locum
743 1136 886 1218 lomtmdi
915 1162 956 1182 -·
983 1137 1130 1219 inmpesse
1159 1173 1205 1184 -
1229 1137 1315 1203 arato

171 1277 206 1287 —
233 1242 376 1306 ecolismae
397 1262 454 1306 nos
484 1279 521 1288 -
552 1247 699 1324 compotes
725 1278 761 1288 —
783 1242 954 1321 procat-
985 1248 1101 1325 queunt
1124 1278 1163 1291 —
1188 1244 1314 1326 fallatia

170 1385 205 1394 -
233 1349 316 1414 colos
337 1385 381 1394 -
398 1350 546 1430 proiwnit
569 1385 609 1395 -
634 1349 781 1414 assimulo
807 1385 844 1394 -—
870 1349 999 1429 arbitris
1020 1386 1064 1397 —
1087 1350 1253 1433 dilr'qerrtcr
1275 1387 1311 1398 -

166 1456 366 1520 somniculose
391 1455 446 1520 boe
477 1493 514 1503 ·-
545 1476 632 1538 spero
663 1493 696 1500 -
730 1458 827 1538 eapite
855 1493 892 1503 -
917 1456 1037 1521 militati
1061 1492 1100 1504 -
1125 1456 1253 1523 habebis
1276 1492 1312 1505 -

166 1563 274 1626 nolunt
295 1601 332 1607 -—
351 1583 445 1645 penes
467 1583 529 1628 sese
550 1562 663 1627 babent
687 1598 725 1609 -
748 1563 1032 1643 fraudulentissimi
1057 1600 1095 1610 -
1119 1569 1252 1630 autumo
1272 1601 1314 1611 —

158 1670 249 1751 patri
274 1706 312 1716 -
337 1670 492 1734 nominem
518 1705 556 1716 -
575 1689 757 1751 promamus.

254 1799 282 1839 v.
307 1777 504 1841 var-790:
527 1777 631 1840 notato
656 1814 696 1822 -
721 1778 757 1841 in
778 1777 884 1841 oninoo
909 1812 947 1823 -
973 1777 1063 1859 quini
1093 1813 1130 1823 -
1158 1778 1314 1845 innitetur

167 1920 205 1928 -
229 1884 387 1964 locarentur
413 1919 450 1928 -
476 1884 551 1947 doto
568 1887 643 1947 snnt
665 1919 705 1928 —
730 1884 821 1947 iiidm
847 1919 886 1929 -
911 1888 1049 1949 ocmrnst
1072 1921 1114 1930 —
1137 1884 1223 1951 lianc
1243 1907 1314 1951 rem

255 2014 283 2055 v.
308 1990 509 2056 sua-837:
531 1995 622 2055 nocot
646 2027 683 2035 -
704 1990 788 2055 iubes
811 2025 852 2036 —
875 1995 1027 2072 meantum
1049 1995 1095 2056 ast
1118 2027 1158 2039 -
1185 1994 1313 2058 Maean

166 2134 206 2142 -
229 2098 362 2177 rastedis.

253 2227 279 2268 v.
303 2205 513 2269 922-929:
549 2224 679 2287 nemnem
718 2240 755 2250 -
795 2205 960 2269 reciderunt
995 2241 1036 2250 -
1069 2210 1251 2271 murini
1274 2242 1309 2253 -

163 2312 372 2376 sustenmlmm
393 2348 430 2357 —
451 2316 558 2376 nostm
578 2311 726 2375 -nobis
747 2347 785 2357 -
806 2312 963 2375 nmcerom
984 2310 1040 2376 boc
1062 2346 1107 2357 -
1124 2313 1311 2378 memorasti.

174 2450 177 2457 ·
252 2417 300 2482 De
330 2440 540 2502 personarum
574 2418 760 2482 nominibus
795 2417 944 2501 notisque
974 2416 1059 2481 nihil
1089 2422 1211 2501 restat,
1240 2439 1310 2483 cum

164 2549 272 2589 veram
294 2525 435 2609 Ergasili
459 2525 597 2589 nominis
623 2525 873 2608 explicationem
888 2553 931 2576 =
946 2522 1125 2609 ἐργάσιμος
1143 2525 1164 2588 i.
1181 2548 1209 2589 e.
1224 2547 1306 2590 scor·

162 2638 231 2696 tum
257 2630 309 2718 (cf.
334 2655 361 2696 v.
386 2632 427 2695 69
439 2629 523 2718 sqq.)
554 2654 592 2695 ex
616 2631 822 2696 Artemidoro
847 2630 1009 2696 Oneirocr.
1032 2630 1048 2694 Ι
1073 2632 1115 2696 78
1140 2632 1307 2696 stabilien-

164 2735 295 2823 dam**)
320 2738 497 2822 Koerligius
523 2739 561 2801 de
584 2760 669 2801 nom.
690 2760 796 2820 propr.
817 2758 897 2819 quae
922 2740 997 2801 sunt
1018 2737 1104 2821 apud
1128 2737 1177 2803 Pl.
1193 2737 1308 2802 etTer.

164 2846 210 2909 ed.
235 2844 404 2910 Patzschh.
428 2867 456 2908 a.
479 2846 562 2910 1876
587 2867 617 2927 p.
638 2845 731 2928 ltlsq.
756 2844 967 2927 praeceperit,
990 2866 1085 2927 quem
1109 2845 1167 2909 alii
1191 2845 1309 2909 ironica

164 2950 359 3035 ‘operosum’
389 2951 451 3015 dici
475 2952 693 3034 opinabantur
717 2952 969 3034 opinantesque,
999 2951 1087 3014 velut
1111 2950 1307 3016 Ritschelius

163 3060 278 3141 (lpusc.
292 3057 370 3141 phil.
390 3056 438 3121 III
462 3080 491 3140 p.
507 3059 582 3138 302,
602 3058 788 3141 Vssingius,
811 3056 985 3121 Lorenaius
1010 3058 1126 3141 (etiam
1149 3057 1187 3122 in
1210 3059 1308 3122 altera

164 3164 302 3227 editione
326 3163 442 3228 Militis
467 3164 600 3248 gloriosi
624 3187 651 3229 a.
679 3165 763 3228 1886
787 3187 817 3247 p.
832 3160 877 3249 5).
913 3162 1023 3228 Vnum
1047 3185 1126 3228 sane
1150 3186 1219 3229 non
1242 3170 1305 3227 tam

163 3271 279 3334 novavi
295 3293 390 3354 quam
407 3272 542 3353 servavi,
562 3271 709 3354 quamvis
725 3271 897 3353 plerosque
918 3270 1094 3334 miraturos
1109 3292 1183 3334 esse
1198 3272 1306 3335 sciam:

162 3377 246 3460 quod
266 3377 432 3441 lotarium
452 3378 656 3458 lotariosqne
670 3376 794 3459 scripsi.
819 3375 864 3440 At
878 3375 961 3439 hanc
976 3377 1117 3440 formam
1132 3399 1199 3441 non
1215 3375 1307 3440 modo

160 3514 373 3521 *—

161 3579 360 3646 auctoritatia’‚
380 3578 467 3648 siquis
482 3579 626 3633 dochmios
644 3575 844 3632 describendae
863 3577 1009 3633 velocitati
1029 3578 1212 3633 exanimatae
1230 3581 1307 3647 aptos

160 3659 247 3713 habet
266 3661 311 3727 (cf.
332 3659 368 3711 ad
387 3677 412 3714 v.
433 3665 484 3713 506
496 3662 547 3727 sq.)
565 3657 610 3713 vel
630 3673 679 3726 per
697 3660 866 3725 anapaestos
885 3658 1025 3713 balbutire
1045 3660 1156 3712 ebriam
1176 3658 1273 3713 credit

103 3745 107 3753 '
232 3739 258 3805 *)
277 3738 415 3792 Versunm
436 3755 565 3793 numeros
584 3738 680 3791 curavi
698 3739 730 3789 ut
749 3753 811 3790 cnm
830 3737 1071 3792 Fleckeisenianis
1083 3755 1206 3792 -nunc
1225 3738 1307 3792 etiarn

162 3817 299 3870 Brixianls
320 3849 351 3857 —
373 3819 561 3873 concinerent:
587 3815 775 3885 discrepantia
798 3835 858 3870 enm
879 3833 938 3870 non
955 3819 1048 3872 exstet
1072 3818 1128 3872 nisi
1149 3817 1228 3874 intra
1244 3835 1307 3888 pau·

161 3915 255 3952 eorum
276 3914 404 3950 versuum
425 3898 570 3963 ambitum,
591 3896 637 3950 ubi
658 3914 691 3949 ex
709 3896 770 3964 ipsa
789 3898 969 3951 adnotatione
988 3896 1056 3965 quid
1075 3899 1239 3952 necessario
1257 3898 1308 3953 dis·

162 3979 258 4045 crepet
277 3976 394 4045 eluceat,
413 3977 490 4031 nolui
510 3977 552 4030 his
573 3977 640 4032 loeis
659 3978 688 4030 in
708 3976 833 4045 margine
853 3976 960 4031 alienos
979 3975 1084 4031 addere
1103 3994 1246 4033 numeros.

232 4056 272 4123 **)
293 4057 379 4111 Recta
403 4059 475 4111 hunc
495 4059 586 4112 locum
606 4057 710 4110 dudum
735 4054 905 4111 adhibuerat
927 4057 1043 4111 Carolus
1062 4055 1225 4112 Fridaricas
1244 4058 1305 4112 Her-

161 4155 278 4191 mannus
301 4137 331 4189 in
354 4137 608 4191 Lindemannianaa
632 4136 764 4191 editionis
788 4136 943 4206 exemplari
967 4135 1204 4192 adnotationibus
1227 4156 1307 4193 manu

160 4208 271 4286 scriptis
291 4217 392 4273 referto
412 4219 486 4287 quod
506 4218 535 4270 in
554 4217 726 4271 bibliotheca
745 4215 924 4285 Gottingensi
944 4220 1078 4272 servatur.
1106 4217 1190 4273 Vnde
1208 4219 1308 4273 libera-

59 4340 65 4348 .
160 4295 225 4349 liter
243 4298 312 4351 mihi
337 4297 493 4351 transmisit
510 4295 711 4351 Wilmanusius
736 4293 778 4350 vir
798 4295 970 4350 clarissimus
992 4295 1121 4366 mihique
1140 4298 1308 4353 benevolen-

160 4376 291 4430 tissimus.
339 4375 466 4431 Ceterum
496 4393 636 4445 perpauca
664 4392 735 4443 esse,
770 4392 841 4444 quaa
871 4392 903 4430 ex
937 4376 1150 4432 commentariis
1182 4376 1308 4447 quamvis

160 4455 341 4525 diligentibus
361 4456 513 4510 Hermanni
533 4456 718 4523 adhibuerim,
737 4473 794 4511 non
812 4456 967 4512 miraberis.
