2948 5594
171 298 224 351 llll
637 296 843 354 PRAEFATIO

171 459 345 526 846-851
375 461 410 524 in
436 461 500 524 fine
528 460 702 524 mutilatis:
732 464 827 546 atque
855 484 883 526 v.
908 459 1183 528 852-872011111
1205 461 1297 528 inscri-

170 567 282 651 ptione
305 567 424 653 viginti
447 588 598 632 versuum
623 568 761 653 paginae
790 590 922 652 prorsus
946 569 1208 635 accommodatae
1229 571 1297 635 suut

258 673 329 738 Iam
360 673 551 738 antecedens
581 672 695 739 folium
722 696 788 739 non
817 678 886 739 tam
914 675 949 739 in
975 674 1129 740 iulbriore
1158 676 1296 761 quamin

170 781 277 845 media
303 784 397 863 parte
427 780 569 845 lacerum
599 780 700 845 fuisse
728 781 871 864 videtur,
902 780 1060 865 siquidem
1090 804 1121 847 r.
1145 783 1217 848 801.
1237 782 1295 848 802.

171 887 346 953 sca-806
366 887 400 951 in
415 888 502 952 exitu
519 887 704 953 deficientes
718 887 891 954 manifeste
913 888 1088 954 cohaerent
1106 911 1180 955 cnm
1196 912 1225 955 v.
1236 889 1294 955 821.

171 994 245 1059 823.
260 993 434 1059 sao—827
449 994 609 1077 principio
629 994 808 1059 destitutis:
823 995 907 1060 unde
926 994 1023 1060 simul
1034 998 1132 1079 ¹patet
1149 1018 1179 1060 r.
1192 996 1249 1062 821
1259 1017 1293 1079 sq.

170 1101 248 1165 olim
278 1123 378 1165 unum
407 1122 536 1165 versum
565 1101 723 1186 effecisse,
751 1102 806 1166 sed
835 1124 865 1167 v.
888 1101 1011 1186 823sq.
1040 1101 1108 1166 iam
1137 1102 1292 1186 antiquitus

170 1210 337 1291 separatos
364 1206 473 1271 fuisse.
518 1202 627 1290 Atque
652 1207 716 1273 hoc
742 1230 869 1293 quoque
896 1209 966 1274 loco
992 1208 1202 1274 intervallum
1227 1209 1291 1274 inter

169 1318 340 1398 utramque
363 1313 511 1379 lacunam
538 1314 740 1379 intercedens
769 1315 867 1381 solito
899 1315 1004 1400 spatio
1029 1337 1164 1399 prorsus
1187 1314 1289 1381 sufficit

258 1419 349 1484 Idem
368 1420 454 1485 cadit
472 1421 506 1484 in
525 1421 632 1486 locum
651 1422 872 1505 insequentem
890 1423 941 1487 vel
960 1422 1068 1507 potius
1091 1421 1289 1509 praegredien-

166 1531 242 1592 tem.
287 1525 371 1592 Nam
390 1550 419 1592 v.
439 1527 612 1593 744-751
634 1528 764 1592 exordia
783 1529 932 1613 quinque,
948 1552 984 1594 r.
1003 1531 1114 1594 autem
1139 1529 1285 1595 766-771

168 1633 272 1698 exitus
297 1638 453 1718 quattuor
472 1634 612 1719 abrupta
631 1637 720 1699 sunt:
745 1640 841 1719 atque
864 1657 937 1700 cum
960 1636 994 1700 iu
1017 1636 1203 1701 universum
1223 1636 1286 1700 lacu·

166 1761 227 1805 nae
255 1744 450 1825 congruant,
477 1741 582 1824 ipsum
613 1739 787 1805 discrimen
813 1741 910 1806 facile
938 1763 977 1806 ex
1000 1741 1180 1826 lyricorum
1200 1741 1284 1806 discri·

164 1847 275 1932 ptione
297 1847 439 1931 expediri
459 1851 577 1931 potest.
623 1845 685 1912 Sed
713 1851 842 1931 praeter
874 1849 981 1913 labem
1014 1848 1222 1932 principalem
1240 1847 1284 1911 hoc

166 1974 293 2038 quoque
325 1953 441 2018 folium
475 1958 570 2019 antea
600 1953 800 2039 perforatum
828 1954 927 2019 fuisse
958 1954 1188 2021 concludimus.
1225 1952 1283 2020 Gru

165 2060 252 2125 enim
275 2083 303 2126 v.
324 2061 397 2145 757,
421 2082 517 2145 quem
539 2065 691 2147 quartum
714 2060 815 2125 fuisse
837 2062 872 2125 in
895 2061 1016 2146 pagina
1039 2061 1200 2147 probabili
1219 2080 1283 2126 con-

164 2167 332 2252 putatione
351 2168 537 2253 conicimus,
560 2167 707 2252 syllabae
726 2167 906 2252 complures
926 2167 968 2233 ad
990 2168 1212 2253 complendum
1230 2163 1283 2231 cei·

164 2274 293 2338 zianum
327 2274 560 2356 desiderentur,
592 2296 725 2358 prorsus
758 2274 921 2359 congruit,
954 2274 1040 2358 quod
1070 2297 1098 2339 v.
1124 2276 1186 2340 736
1211 2291 1283 2358 quen

167 2381 352 2464 oppositum
375 2380 475 2445 fuisse
495 2381 606 2446 eadem
626 2381 752 2446 ratione
775 2384 1011 2465 computamus,
1034 2381 1116 2445 item
1140 2403 1179 2446 ex
1199 2377 1285 2444 diceri

165 2486 275 2570 ptione
298 2491 413 2552 nostra
436 2488 553 2552 lacuna
576 2486 790 2572 significanda
813 2490 898 2552 erat:
921 2508 984 2572 quo
1009 2486 1153 2552 calculus
1176 2485 1286 2552 adicitur

167 2593 346 2657 sententiae
371 2593 501 2658 aliunde
524 2597 708 2678 conceptae.

254 2699 356 2775 Quem
375 2722 451 2765 vero
471 2704 615 2765 extremo
634 2701 704 2765 loco
725 2701 897 2765 statuimus
918 2701 970 2764 vel
994 2701 1103 2784 potius
1128 2698 1288 2765 stabilimus

166 2806 335 2890 deiectum,
359 2807 410 2871 vel
435 2807 598 2891 antiquior
622 2810 671 2871 est
694 2807 818 2890 ceteris,
842 2829 914 2872 cum
938 2807 1038 2872 etiam
1063 2807 1103 2871 ad
1122 2803 1289 2871 Ambrosia·

164 2935 240 2976 num
260 2913 429 2996 pertineat,
454 2913 564 2996 quiin
588 2914 633 2977 eia
654 2935 736 2998 quae
760 2913 865 2978 adhuc
888 2914 1131 2997 percensuimus
1156 2910 1291 2996 exemplis

165 3020 220 3083 ubi
244 3023 352 3084 exstat
375 3020 448 3084 labe
471 3019 648 3086 immunem
679 3042 713 3084 se
736 3024 891 3105 praestat.
937 3020 984 3085 At
1007 3020 1142 3085 eandem
1165 3020 1294 3085 observa·

165 3125 288 3189 tionem
303 3148 375 3190 cum
389 3128 454 3191 iam
470 3127 503 3191 iu
518 3126 665 3191 Rudente
684 3127 864 3210 fecerimus,
888 3132 957 3191 tum
976 3127 1011 3191 in
1030 3126 1092 3192 hac
1111 3128 1183 3212 ipsa
1199 3125 1296 3191 tabula

167 3231 260 3296 novis
284 3233 484 3297 documentis
508 3234 644 3317 probare
668 3255 849 3317 possumus.

255 3337 339 3404 Nam
364 3341 399 3404 in
418 3341 595 3425 posteriore
615 3337 753 3405 Oasinae
772 3343 865 3423 parte
885 3362 956 3405 cum
979 3343 1031 3406 tot
1054 3341 1137 3406 folia
1160 3342 1299 3406 lacunosa

166 3467 237 3510 sese
256 3448 419 3531 excipiant
438 3452 470 3511 ct
489 3448 573 3511 iuter
592 3469 626 3512 se
645 3447 849 3531 conueniant,
872 3469 913 3511 ne
936 3448 971 3511 in
993 3448 1158 3531 prioribus
1181 3446 1297 3533 quidem

392 3624 409 3659 a
446 3621 463 3659 a
499 3623 516 3658 *
552 3622 569 3658 a
606 3620 623 3658 a
659 3604 789 3658 nunciam
808 3603 965 3673 praesidem
1002 3621 1019 3659 a

394 3705 410 3739 a
447 3687 500 3755 hle,
520 3684 683 3738 Pardalisca
702 3698 771 3750 esse,
791 3683 839 3751 qui
857 3684 923 3738 hinc
941 3686 1031 3753 excat,
1050 3689 1082 3739 tu

536 3765 607 3817 Eum
625 3764 658 3816 ut
675 3762 799 3817 ludibrio
817 3762 931 3818 habeas.

639 3869 835 3924 Psaoanrsos

533 3951 643 4005 Lubens
662 3949 753 4003 fecero
773 3951 803 4004 et
821 3950 921 4004 solens.

162 4027 217 4081 Vbi
233 4048 257 4082 v.
273 4034 326 4083 864
340 4029 392 4083 Nil
411 4031 488 4084 illum
507 4050 556 4100 pro
571 4033 615 4086 Nc
632 4032 711 4085 illum
730 4029 927 4102 (ctarbttroffl
946 4047 1008 4084 cum
1024 4029 1139 4100 Bothio)
1158 4034 1186 4086 ct
1203 4036 1294 4097 doloq.

161 4115 192 4163 ta
210 4109 284 4164 Eam
302 4115 334 4163 ut
351 4126 402 4177 pro
428 4110 461 4163 Vt
479 4128 539 4166 cum
564 4113 609 4165 vel
636 4128 695 4165 cum
713 4115 745 4164 ut
768 4111 880 4180 scripsi,
900 4129 924 4164 r.
944 4115 1085 4167 cea-867
1109 4110 1150 4167 sic
1174 4111 1227 4167 iam
1244 4108 1293 4162 lero

160 4189 368 4258 redintegrans:

372 4269 490 4341 <Stupri
508 4269 649 4341 liberum>
668 4270 717 4339 qui
736 4270 830 4326 locum
848 4268 999 4336 praehibet
1014 4269 1067 4327 ssli.

374 4350 521 4420 <Luciique
540 4354 569 4404 ct
587 4349 665 4423 ioci>
681 4350 791 4407 annuit·
939 4350 992 4407 'dm
1008 4350 1060 4425 (te

408 4429 502 4502 Volo>
520 4429 566 4483 blc
584 4447 606 4487 e.
624 4447 671 4501 q.1
