2948 5594
166 334 231 391 XVI
633 336 838 394 PRAEFATIO

167 504 199 567 in
233 504 304 587 ipse
333 524 449 567 scaena
482 501 523 567 ad
554 503 638 587 pilas
672 503 828 588 alligatos
859 501 989 589 solvi*).
1044 502 1135 580 Quae
1165 527 1241 571 eum
1270 506 1314 571 ita

167 610 246 694 sint,
275 610 455 675 necessario
486 632 619 675 mancus
649 610 705 674 ille
739 633 758 674 a
788 632 851 695 quo
883 609 1022 694 profecti
1055 633 1169 677 sumus
1202 634 1313 677 versus

165 718 250 783 intus
273 717 459 782 adverbium
483 720 559 801 post
580 718 821 782 adulescentem
851 715 1031 781 addendum
1053 718 1193 803 requirit
1216 716 1272 805 (ef.
1288 742 1315 784 v.

168 823 261 889 1015.
292 824 408 908 Amph.
434 825 506 889 120.
534 823 651 891 Bacch.
680 824 753 889 568.
777 823 845 889 Mil.
870 823 966 908 545):
998 824 1082 889 unde
1115 827 1314 891 contrariam

166 929 418 995 Dombartianae
443 931 635 996 sententiam
659 931 729 1015 ipse
754 952 881 1015 quoque
902 929 1016 1003 induit

255 1034 408 1121 Captivos
441 1060 479 1101 ex
507 1059 648 1123 quonam
680 1037 856 1120 exemplari
888 1038 1085 1121 expresserit
1115 1044 1218 1123 poeta
1243 1040 1315 1105 bar-

166 1146 263 1208 barus
292 1144 389 1226 plane
422 1145 619 1229 ignoramus.
664 1142 749 1209 Nam
779 1143 865 1228 quod
889 1142 1117 1210 Fleckeisenus
1141 1145 1316 1231 adscripsit

166 1249 345 1315 GRAECA
366 1248 709 1331 [ANAXANDRIDI]
729 1249 848 1313 Mureti
867 1249 984 1314 nititur
1003 1250 1239 1339 sententia⁸¹),
1261 1253 1315 1339 qui

167 1357 250 1423 Laut
274 1380 339 1423 var.
362 1356 441 1422 XIV
464 1358 485 1420 9
510 1381 541 1441 p.
563 1357 628 1422 485
651 1379 724 1421 cum
748 1356 854 1421 verbis
878 1357 943 1421 636
954 1378 1000 1441 sq.
1024 1357 1115 1423 illiue
1139 1358 1251 1425 loenm
1274 1359 1313 1424 ab

164 1464 335 1529 Athenaeo
359 1462 420 1528 XV
443 1485 474 1547 p.
498 1464 591 1529 6881)
615 1469 779 1527 servatum
803 1462 932 1548 (fragm.
955 1463 1019 1529 inc.
1042 1462 1126 1530 VIII
1149 1464 1250 1530 Mein.
1274 1495 1313 1519 =

164 1570 206 1634 59
222 1566 338 1655 Koct.)
354 1571 491 1635 eontulit
505 1559 531 1635 oi
543 1565 674 1653 πονηρὰ
688 1570 809 1655 καρδία
821 1568 825 1657 t
837 1567 1089 1654 ἐπιχαιρέκακον
1103 1565 1151 1648 ὥς
1165 1566 1199 1637 εἶ
1206 1569 1312 1656 μόνον

163 1677 225 1740 τοῦ
248 1673 412 1760 σώματος·
442 1672 536 1763 dolet
556 1673 620 1759 γὰρ
644 1670 761 1757 εὐθὺς,
784 1669 828 1740 dv
852 1677 927 1762 ἴδῃς
950 1673 1141 1743 δεδοικότας
1176 1701 1312 1765 quorum

163 1783 307 1848 locorum
336 1783 512 1847 similitudo
536 1784 665 1848 etiamsi
689 1783 793 1847 maior
816 1787 903 1847 esset
931 1819 967 1829 -
993 1785 1213 1868 nequeenim
1236 1786 1313 1851 dieti

164 1892 259 1954 tenor
278 1889 416 1974 quadrat
439 1891 478 1955 ad
499 1891 605 1956 locum
620 1889 805 1953 Plautinum
822 1925 873 1972 -,
896 1889 978 1954 nihil
1001 1890 1167 1974 probaret
1207 1891 1313 1977 Atque

166 1997 273 2060 minus
297 1997 396 2061 etiam
419 1997 507 2061 valet
528 1995 706 2079 Ladewigii
736 1996 921 2060 coniectura
952 1995 1006 2078 (de
1029 1995 1121 2062 Volo.
1146 1996 1222 2063 Sed.
1245 2019 1313 2063 ean.

163 2125 193 2186 p.
217 2104 329 2187 28sq.:
354 2108 389 2167 at
412 2102 451 2168 ef.
475 2103 610 2168 eundem
637 2103 672 2167 in
699 2099 815 2186 Paulyi
843 2101 978 2185 Encycl.
1002 2102 1030 2166 V
1055 2125 1087 2187 p.
1112 2104 1232 2189 7773),
1259 2104 1313 2189 qui

253 2323 278 2390 *J
302 2323 389 2390 „er
411 2325 498 2378 leuben
520 2340 575 2378 aava
596 2339 632 2376 ea
654 2322 772 2387 deatea,
799 2321 864 2375 desa
885 2321 934 2375 der
952 2320 1051 2377 Sklaoe
1072 2324 1209 2378 Μαάθ
1230 2324 1313 2378 adaia

162 2405 293 2473 sortqelvt,
316 2421 362 2456 am
380 2405 425 2458 die
448 2405 563 2457 catenae
589 2401 760 2471 singulariae
782 2417 818 2454 ea
836 2401 928 2468 talen,
951 2402 996 2459 die
1017 2417 1047 2455 er
1068 2402 1163 2471 duan,
1184 2402 1313 2458 wdtrcud

163 2482 253 2552 Hecto
271 2484 332 2538 aad
350 2484 500 2552 Eryceilue
517 2484 575 2537 sict
592 2484 777 2547 aurelianen,
796 2483 849 2536 dea
869 2482 1060 2550 Gescaqeaea,
1077 2484 1212 2537 melrdeav
1229 2500 1259 2537 cr
1275 2484 1313 2537 sic

162 2580 216 2617 oea
234 2566 286 2618 dea
300 2563 424 2629 Psalleva
441 2565 533 2632 pultat,
551 2565 642 2632 calept
660 2564 725 2617 oder
739 2562 805 2615 duas
822 2578 851 2614 er
870 2562 914 2615 die
927 2562 1059 2616 ectweren
1074 2560 1177 2616 Ketten
1195 2578 1249 2616 voa
1261 2562 1313 2616 dea

163 2644 285 2711 Pfeilera
304 2644 422 2710 loatctt,
441 2645 484 2697 die
503 2643 679 2711 Gefuaqenea
697 2644 741 2695 iae
762 2642 863 2695 lame
881 2642 927 2697 des
945 2641 1055 2696 chaes
1072 2642 1166 2708 frttrt,
1183 2643 1248 2697 doct
1264 2642 1312 2694 avil

162 2725 215 2778 dea
238 2724 380 2777 leictterea
405 2723 518 2779 Feesela
541 2723 655 2776 versiclvt
676 2724 736 2776 aad
759 2725 837 2775 duaa
860 2722 902 2775 bei
919 2720 1030 2790 Bepv'na
1048 2722 1095 2776 dea
1112 2726 1141 2776 2.
1162 2721 1248 2776 Attea
1264 2722 1312 2774 avit
1345 2732 1348 2737 ·

162 2804 246 2857 iliaca
262 2804 361 2857 wieder
379 2804 435 2869 aas
456 2804 515 2857 dccv
536 2802 713 2857 Prooemium
733 2802 890 2855 erecteiat.“
926 2800 1049 2854 Pilarum
1066 2816 1119 2854 uec
1142 2802 1240 2856 volam
1263 2818 1311 2855 nec

163 2883 313 2950 vestigium
343 2883 418 2951 apud
442 2883 574 2936 Plautum
599 2879 719 2935 inveniri
745 2881 820 2933 reete
844 2879 998 2934 identidem
1024 2880 1136 2936 monuit
1162 2881 1311 2937 Lorenxiur

164 2963 304 3032 ceteroqui
319 2979 377 3016 rem
393 2962 484 3016 obiter
497 2963 623 3016 tractans
640 2959 823 3014 ‘Jahresben’
841 2959 944 3014 XXVII
958 2963 994 3028 (a.
1005 2964 1087 3028 1881)
1103 2980 1129 3031 p.
1141 2968 1188 3027 31,
1206 2978 1269 3015 cum
1284 2964 1311 3015 et

163 3043 206 3096 liis
224 3061 249 3097 v.
272 3048 321 3096 112
346 3041 450 3095 dudum
470 3043 625 3095 correctum
649 3044 678 3094 et
700 3042 774 3094 luem
792 3038 992 3109 interpolatum
1012 3060 1038 3095 v.
1057 3047 1110 3095 lae
1129 3041 1268 3097 adhibeat
1283 3044 1310 3094 et

163 3123 251 3190 fingat
269 3138 341 3189 quae
362 3137 416 3174 non
435 3122 526 3175 minus
546 3137 629 3188 quam
648 3119 724 3188 pilae
743 3119 875 3173 aPlauto
894 3120 988 3175 aliena
1005 3119 1070 3174 sint.
1097 3120 1229 3176 Ceterum
1249 3138 1309 3177 oon-

163 3202 309 3256 catenatos
328 3203 363 3256 ab
383 3200 464 3255 initio
483 3200 559 3253 domi
579 3199 663 3253 luisse
682 3199 809 3268 captivos
828 3200 897 3255 duos
917 3200 975 3253 iam
989 3217 1022 3254 ex
1037 3219 1062 3254 v.
1080 3206 1130 3254 112
1142 3218 1186 3271 sq.
1205 3200 1308 3271 perspi-

163 3280 260 3346 cimus,
278 3296 312 3334 ex
331 3280 431 3348 quibus
451 3300 475 3334 v.
496 3286 511 3332 2
532 3277 691 3332 emendatio
710 3280 822 3346 pendet.

232 3361 274 3429 *ἢ
299 3361 375 3415 Idem
398 3361 522 3415 Muretus
546 3361 622 3413 Lect.
647 3375 704 3411 var.
729 3356 793 3410 xlv
814 3365 845 3412 16
864 3376 890 3427 p.
911 3365 964 3413 ³34
987 3358 1094 3429 primun
1117 3360 1196 3428 quod
1223 3360 1307 3415 eciam

162 3440 333 3510 vituperavit
352 3441 426 3508 quod
446 3437 559 3508 plurimi
579 3437 644 3491 dein
664 3437 867 3505 repetiverunt:
888 3440 961 3493 male
981 3441 1095 3508 poetam
1109 3440 1308 3510 Pseudo‘l'yn·

162 3520 259 3574 darum
290 3519 401 3573 finxisse
427 3520 501 3572 intra
526 3533 677 3586 paucarum
704 3515 835 3571 horarum
859 3519 981 3588 epatium
1005 3518 1059 3573 iter
1083 3536 1118 3573 ex
1148 3520 1262 3575 Aetolia
1281 3519 1308 3572 in

159 3599 273 3653 Alidem
296 3603 325 3653 et
350 3615 383 3652 ex
402 3599 484 3652 Alide
508 3599 536 3651 in
561 3596 702 3650 Aetoliam
726 3614 789 3650 eum
812 3599 934 3666 negotiis
952 3598 1012 3652 illic
1036 3599 1222 3655 absolvendis
1246 3615 1307 3655 eon·

161 3680 268 3744 fecisse,
288 3696 351 3732 eum
370 3682 464 3732 tamen
479 3676 583 3731 viatieo
603 3692 672 3744 opus
692 3673 776 3731 fuerit
795 3694 828 3731 ex
842 3697 867 3732 v.
884 3684 945 3732 449.
965 3679 1055 3744 Quam
1071 3679 1306 3748 vituperationem

162 3757 237 3825 quod
264 3755 371 3810 Brixiae
402 3756 474 3810 dixit
499 3776 525 3826 p.
547 3761 562 3807 3
589 3773 624 3809 ne
650 3755 742 3823 ipsum
772 3758 884 3825 quidem
910 3758 1086 3828 Lessingium
1111 3776 1228 3828 prorsus
1259 3761 1306 3814 im·

161 3837 294 3903 probasse
314 3836 396 3903 (“eia
419 3836 560 3904 Vorenus-f,
584 3837 631 3889 der
650 3877 655 3888 .
673 3878 678 3889 .
695 3877 701 3890 .
720 3838 799 3892 eeltst
821 3840 905 3892 elevem
925 3838 1042 3909 Laeuino
1058 3840 1137 3895 aictt
1154 3856 1228 3909 your
1245 3841 1309 3894 otae

165 3916 264 3968 Graad
282 3918 401 3983 pernoctat
419 3934 454 3970 aa
472 3919 578 3971 werden
596 3914 731 3983 sclriea'’),
753 3916 879 3987 neglexit
896 3917 967 3971 illud
985 3917 1234 3974 adulescentulum
1252 3919 1307 3973 dix·

163 3995 217 4048 isse
238 3994 420 4064 Lessingium,
444 3999 593 4064 antequam
618 3995 647 4047 id
670 3996 761 4064 ipsum
782 3998 939 4064 quodcum
963 3997 1028 4052 aliis
1047 4000 1183 4068 opposuit
1200 3997 1307 4053 Brixiae

161 4073 267 4144 primus
296 4077 418 4129 omnium
440 4079 515 4130 reete
539 4075 672 4130 docuerit.
710 4076 926 4146 Redintegravit
949 4080 1044 4132 autem
1072 4078 1260 4149 opprobrium
1281 4082 1309 4133 et

72 4178 75 4183 ·
161 4154 317 4210 accuratius
337 4160 500 4225 persecutus
524 4160 567 4209 est
586 4155 732 4222 Langenue
750 4155 841 4211 Plaut.
862 4157 940 4211 stud.
960 4176 986 4227 p.
1008 4164 1131 4228 lltsqq.
1172 4158 1228 4215 Sed
1250 4160 1308 4231 ipre

161 4251 272 4304 quoque
291 4236 330 4291 eis
344 4235 442 4289 nititur
456 4234 621 4303 rationibus,
640 4253 709 4303 quae
723 4235 835 4303 inimus,
855 4235 903 4289 ubi
924 4236 1037 4306 singula
1050 4235 1223 4306 singillatim
1237 4247 1308 4294 cem·

160 4316 365 4384 prehendimus,
390 4333 443 4371 non
468 4317 557 4370 totam
581 4315 707 4368 fabulam
732 4315 818 4369 oculis
842 4313 998 4384 animisque
1022 4316 1195 4373 subicimue:
1220 4334 1307 4389 neque

160 4394 190 4448 in
209 4397 363 4450 eommunis
382 4397 457 4452 vitae
476 4398 601 4465 tempore
621 4394 751 4462 vivimus,
771 4395 821 4448 sed
838 4393 960 4449 idealem
979 4413 1064 4465 quem
1080 4414 1217 4454 vocamus
1236 4399 1307 4454 diam

160 4478 261 4544 poetae
280 4478 466 4532 concedimus.
