2948 5594
164 357 251 405 xvl11
298 406 303 416 ,
628 348 838 405 PRAEFATIO

164 503 217 564 tur
244 522 328 583 quae
360 500 395 564 in
427 500 627 584 praefatione
655 499 783 585 Epidici
816 523 846 584 p.
865 518 929 565 xxr
960 500 1110 585 exposita
1137 504 1225 566 sunt:
1254 500 1273 565 h

164 606 402 690 exemplaribus
426 606 584 671 debentur
607 607 810 671 coniecturae
825 627 1033 690 quaeeunque
1052 606 1124 673 loco
1143 629 1210 674 non
1226 607 1273 671 ind

163 718 235 778 cato
256 714 452 779 adferuntur.
485 714 589 791 Quam
608 715 711 779 vace
727 715 1049 780 commemoravimus
1062 712 1273 779 Fleckeiser

162 821 347 905 lectionem,
384 820 581 886 Ritschelius
620 821 840 888 adnotaverat.
902 820 1073 907 Reisigii
1113 819 1273 885 emendati

163 949 260 1011 quam
283 950 311 992 v.
327 928 392 993 804
414 929 608 1013 recepimus,
636 950 674 992 ex
697 928 850 1014 Lingiani
878 926 917 991 de
939 926 1032 991 hiatu
1055 924 1198 1012 libelli*)
1221 950 1273 1011 με

162 1035 309 1118 margine
325 1033 495 1118 desumpta
510 1039 567 1100 est.
595 1034 626 1101 N
633 1038 761 1099 ostras
780 1034 982 1100 coniecturas
996 1028 1062 1097 LG
1077 1032 1273 1117 significamr

251 1139 421 1205 Editiones
441 1143 473 1204 et
493 1141 781 1205 commentationes
801 1141 912 1205 eadem
932 1162 996 1225 qua
1013 1139 1119 1204 voluit
1132 1138 1271 1204 Ritsch

161 1247 238 1311 lius
262 1269 338 1312 cura
362 1246 582 1331 adhibuimus,
614 1251 652 1312 ut
681 1270 762 1332 quae
790 1250 877 1311 recte
900 1247 1033 1311 inventa
1055 1249 1166 1311 essent
1188 1245 1273 1310 ade

162 1353 217 1437 qui
240 1354 337 1436 primi
360 1354 559 1419 invenissent
582 1353 789 1438 referremus,
811 1374 913 1437 neque
937 1374 992 1418 eos
1012 1352 1144 1418 silentio
1164 1356 1273 1439 praetr

162 1460 380 1542 mitteremus,
403 1460 457 1543 qui
476 1463 534 1524 aut
551 1482 661 1525 verum
681 1459 837 1525 vidissent
859 1463 935 1525 ante
959 1482 1056 1544 quam
1080 1481 1118 1524 ex
1143 1460 1273 1526 codicih

162 1570 247 1630 esset
270 1571 484 1651 protractum,
508 1569 565 1631 aut
587 1566 693 1631 looum
718 1571 906 1650 corruptum
930 1588 999 1631 esse
1018 1570 1105 1631 reete
1126 1588 1273 1652 perspex

162 1676 234 1736 sent
256 1674 505 1757 improbabilem
533 1673 750 1738 coniecturam
778 1674 995 1757 proponentes
1024 1672 1102 1757 ipsi,
1130 1671 1273 1757 despera

161 1782 269 1844 autem
297 1779 377 1845 locis
410 1785 444 1845 et
470 1779 707 1845 difficilioribus
740 1779 796 1863 qui
824 1778 965 1843 nondum
1001 1779 1167 1862 persanati
1201 1800 1273 1844 ess«

162 1906 229 1948 non
257 1884 498 1951 excluderemus
530 1887 594 1950 uisi
628 1886 805 1969 scripturas
834 1888 943 1970 aperte
972 1884 1106 1950 vitiosas
1140 1890 1199 1951 aut
1226 1885 1273 1951 fu

163 1989 320 2054 librorum
340 1991 652 2077 manuscriptorum
675 1991 813 2056 lectione
831 1991 947 2075 fultas,
971 2013 1067 2075 saepe
1090 1991 1159 2056 fieri
1184 1991 1249 2057 rati

162 2096 260 2160 etiarn
288 2097 468 2182 scripturae
497 2097 726 2181 improbabiles
754 2098 856 2163 alium
883 2097 923 2162 ad
951 2118 1064 2162 verum
1091 2098 1228 2183 propius

163 2202 324 2268 ducerent.
370 2203 535 2269 Interdum
563 2206 661 2271 etiam
690 2206 735 2270 sie
762 2204 988 2270 tantummodo
1016 2205 1186 2290 prohiberi
1213 2226 1271 2289 pr)

162 2310 398 2394 perspeximus,
417 2313 588 2395 quominus
604 2333 685 2397 quae
701 2311 848 2376 consulto
864 2311 1022 2376 oblivioni
1036 2311 1178 2375 traditae
1198 2332 1273 2374 ess«

161 2415 202 2478 ab
231 2415 354 2481 editore
382 2417 486 2484 denuo
520 2423 722 2504 emergerent
754 2419 955 2484 coniecturae
988 2418 1069 2483 viles
1099 2422 1134 2483 et
1165 2415 1273 2483 inuti]

164 2521 234 2597 Qua
257 2522 290 2587 in
314 2546 348 2589 re
372 2547 566 2610 quamquam
596 2525 715 2589 scimus
739 2546 799 2590 nos
822 2525 1013 2608 vituperari,
1041 2547 1082 2590 ne
1107 2522 1271 2609 sicquid

163 2633 200 2692 ut
223 2631 380 2714 aequitati
404 2631 452 2696 ita
473 2633 579 2714 κρίσει
602 2630 771 2695 Plautinae
795 2631 918 2714 optime
941 2630 1067 2695 consuli
1090 2629 1273 2695 diffidimus

250 2737 402 2800 Asinaria
417 2737 545 2820 saepius
561 2737 734 2820 separatim
751 2738 801 2800 vel
816 2759 888 2801 cum
907 2736 1019 2820 paucis
1038 2735 1111 2801 aliis
1131 2736 1273 2801 conium

163 2841 282 2907 fabulis
306 2848 356 2908 est
379 2843 474 2908 edita.
519 2842 626 2908 Notae
648 2844 743 2909 nobis
767 2844 899 2907 fuerunt
921 2842 1078 2908 editiones
1103 2843 1179 2910 hae:

217 2965 249 3053 1)
273 2966 316 3031 M.
327 2966 415 3032 Actii
433 2966 541 3031 Plauti
561 2966 668 3030 Asinii
687 2964 853 3052 ,OOMIOI
873 2964 1116 3051 CLARlSsimi
1132 2964 1273 3033 (lomoedr'

272 3074 384 3159 qninq3
417 3070 421 3159 l
458 3073 708 3157 IAmphitryo.
734 3072 737 3155 ζ
767 3075 788 3137 2
815 3073 975 3139 Asinaria.
1006 3070 1009 3149 ἶ
1044 3073 1064 3136 3
1094 3058 1273 3139 Aulularia.

272 3181 294 3243 4
318 3178 448 3264 Captiui
471 3180 543 3245 duo.
569 3178 573 3266 l
598 3180 619 3244 5
638 3177 799 3244 Curculio.
821 3178 824 3266 l
853 3178 934 3244 Cum
957 3180 1273 3246 lucubratiunculise

272 3288 512 3371 commentarijs
533 3284 537 3372 1
558 3286 681 3370 Pylade
696 3285 856 3369 Brixiani,
871 3286 987 3351 ornati.
1003 3284 1007 3373 l
1024 3286 1067 3351 Ia
1084 3288 1164 3369 fine:
1182 3287 1273 3372 Argu

271 3396 377 3461 torati.
405 3395 456 3459 Ex
470 3394 613 3459 Aedibus
633 3392 792 3458 Matthiae
811 3392 972 3478 Sohiirerij
995 3391 998 3469 l
1019 3391 1132 3459 Mense
1146 3393 1273 3481 Augus«

272 3499 368 3565 Anno
393 3499 516 3566 Christi
545 3498 743 3587 Saljuatoris
773 3500 815 3564 M.
835 3500 874 3566 D.
893 3500 999 3565 XllII.
1029 3537 1067 3548 -
1102 3501 1273 3587 Inspeximn

272 3607 368 3673 huius
387 3607 537 3672 editionis
553 3607 735 3690 exemplum
750 3605 966 3692 Gottingense
980 3631 1038 3673 neo
1054 3608 1142 3673 aliud
1161 3607 1273 3674 exhibes

271 3714 409 3779 vidimus
443 3737 540 3800 quarn
567 3715 815 3779 commentarios
844 3713 973 3797 Pyladis
1005 3715 1041 3779 in
1073 3715 1202 3780 brevius
1226 3732 1273 3779 con

272 3823 396 3885 tractos
420 3826 453 3885 et
475 3821 529 3886 hic
551 3820 619 3885 illic
642 3819 844 3904 depravatos.

213 3941 248 4027 2)
272 3942 314 4006 Μ.
338 3945 428 4009 Accii
457 3944 462 4030 l
493 3945 601 4011 Plauti
631 3942 636 4029 l
666 3945 849 4009 comoediae
876 3944 906 4008 V
937 3942 940 4003 l
970 3966 1091 4030 magna
1123 3968 1194 4011 cum
1223 3966 1273 4009 cun

232 4217 261 4286 ¹²)
280 4215 406 4271 Emimus
423 4234 512 4285 nuper
526 4217 689 4288 Hamburgi.
722 4217 888 4287 Inscriptum
907 4219 951 4271 cst
967 4216 1067 4271 titulo:
1088 4216 1226 4272 ‘Wenscln
1254 4215 1273 4271 s

161 4296 240 4351 libris
259 4296 336 4351 beati
356 4295 415 4350 Car.
436 4294 566 4366 Reisigii,
589 4297 777 4368 praeceptoris
797 4297 851 4351 mei
871 4297 953 4367 longe
972 4296 1174 4365 dileetissimi',
1200 4296 1228 4351 iu
1242 4296 1273 4350 lin

160 4379 271 4446 praeter
294 4377 351 4431 alia
373 4376 549 4431 adnotatum:
580 4379 692 4448 ‘Inepte
715 4376 826 4432 disserit
844 4380 941 4432 contra
959 4394 1004 4431 me
1022 4395 1050 4447 p.
1064 4377 1125 4432 23'.
1163 4377 1273 4448 Margine

160 4456 237 4525 pleni
246 4458 311 4511 sunt
320 4455 409 4511 obelis
419 4455 448 4508 et
457 4455 548 4525 diplis‚
561 4475 642 4526 quern
653 4477 731 4514 usum
742 4457 929 4529 praeceptoris
939 4455 1115 4513 continuavit
1123 4455 1273 4513 Ritsohelint
