2948 5594
162 353 235 398 xxn
626 344 835 401 PRAEFATIO

161 493 458 561 ditamenterum
486 516 618 581 genus,
645 496 745 580 quod
773 519 816 562 ex
843 496 1023 563 disseeue
1052 496 1305 580 repetendum

162 600 342 666 didicimus:
380 602 469 666 euius
502 602 629 685 generis
661 603 757 686 pluro
789 624 885 687 quem
923 602 1027 667 adhue
1063 604 1224 669 creditum
1256 610 1306 671 est

162 710 309 792 exempla
345 708 440 774 nobis
473 709 631 773 detexisse
662 710 816 776 videmur.
880 709 989 795 Atque
1023 732 1138 776 versus
1174 710 1305 795 quidem

162 815 226 879 309
246 837 314 898 sqq.
338 815 487 879 turbatos
511 838 581 879 esse
605 821 680 900 post
702 816 865 900 Guyetum
888 818 1055 902 perspexit
1071 816 1262 903 Ussingius:
1285 842 1305 883 u

161 923 251 985 ouius
280 921 462 1005 suspicione
491 921 627 1004 profecti
655 944 683 985 v.
706 922 882 987 312-317
912 921 953 987 ad
981 923 1119 991 alterum
1145 925 1304 991 recensio·

161 1050 235 1092 nem
258 1033 403 1112 spectare
426 1029 599 1092 statuimus
624 1026 720 1114 etque
740 1029 921 1094 destinatos
940 1029 1042 1095 fuisse
1060 1032 1098 1096 ut
1115 1053 1176 1115 pro
1195 1055 1226 1097 v.
1239 1032 1302 1097 309

162 1136 267 1200 —311
303 1138 336 1199 et
365 1136 549 1201 318-324
582 1136 775 1221 legerentur.
827 1134 890 1199 His
922 1134 1086 1202 addendus
1119 1141 1169 1203 est
1201 1138 1302 1203 exitus

161 1242 285 1327 primae
309 1263 455 1325 scaenae,
479 1242 569 1306 ouius
592 1242 696 1306 altere
718 1243 863 1307 recensio
886 1241 966 1307 haee
987 1241 1091 1307 fuisse
1115 1242 1255 1309 ridetur:

205 1384 296 1449 Dem.
319 1384 498 1450 Redimstm.
536 1384 605 1448 Lib.
629 1384 710 1450 Tum
729 1389 766 1449 tu
788 1386 889 1470 igitur
907 1383 996 1449 eliud
1015 1406 1093 1449 cura
1111 1383 1190 1472 quid
1207 1386 1298 1451 lubet

204 1492 277 1577 Ege
300 1514 338 1557 eo
362 1490 402 1555 sd
424 1491 544 1574 forum,
566 1491 629 1555 nisi
649 1490 802 1576 quiduis.
842 1490 934 1557 Dem.
956 1492 1011 1576 Ei,
1034 1494 1117 1559 bene
1140 1492 1278 1558 imbuis.

205 1598 313 1683 Atque
337 1597 436 1663 andin
460 1596 582 1662 etiam?
618 1596 688 1661 Lib.
706 1582 800 1662 Eece.
838 1597 929 1664 Dem.
952 1596 986 1664 Si
1010 1599 1088 1685 quid
1112 1600 1146 1665 te
1169 1600 1283 1683 uolam,

201 1705 264 1769 Vbi
290 1702 375 1769 eris?
411 1703 481 1769 Lib.
505 1704 732 1789 Vbiquemque
755 1705 897 1769 lubitum
920 1707 984 1770 erit
1006 1706 1118 1771 animo
1141 1728 1223 1773 meo.

200 1812 347 1877 Profecto
372 1813 499 1875 nemost
522 1813 617 1896 que‘m
641 1811 705 1875 iem
729 1811 843 1876 dehine
866 1814 1012 1878 motusim
1034 1812 1129 1898 mihi,

200 1916 250 1982 Ne
274 1916 351 2001 quid
373 1938 488 1983 nocere
513 1916 630 2000 possit,
656 1938 754 2000 quom
778 1916 858 1981 mihi
882 1920 918 1982 tri
941 1920 1000 1983 tua

202 2024 354 2089 Oreitione
379 2045 507 2089 omnem
531 2022 673 2087 {mimum
698 2021 875 2088 ostendisti
894 2027 995 2089 tuom.

201 2132 286 2206 Quin
309 2133 342 2196 te
366 2152 493 2215 quoque
517 2129 623 2215 ipsum
647 2128 730 2194 ficio
754 2129 840 2194 haud
864 2131 974 2215 magni
999 2131 1027 2194 si
1050 2130 1113 2196 hoe
1136 2135 1236 2215 patro.

203 2237 341 2323 Pergrim
366 2260 427 2322 quo
452 2236 562 2321 occepi
587 2240 683 2320 utque
706 2234 757 2300 sbi
780 2236 917 2301 consilia
943 2236 1100 2304 exordiar.

59 2378 66 2389 ·
159 2362 238 2428 huee
262 2366 370 2427 autem
395 2364 511 2427 altera:

202 2487 293 2552 Dem.
317 2487 496 2551 ltedimrtm.
532 2484 602 2549 Lib.
624 2484 708 2550 Tum
726 2490 763 2550 tu
782 2485 883 2571 igitur
902 2484 992 2550 eliud
1010 2506 1090 2550 eura
1107 2484 1183 2572 quid
1200 2483 1306 2549 lube-
1325 2520 1332 2545 :

201 2594 274 2679 Ego
299 2617 337 2659 ee
362 2593 531 2659 susorum
554 2592 618 2657 nisi
643 2590 719 2678 quid
742 2592 802 2657 uis.
843 2592 934 2657 Dem.
958 2592 1013 2676 Ei,
1036 2594 1118 2658 bene
1141 2590 1332 2657 imbute..

203 2699 311 2766 Audin
333 2702 391 2765 tu?
415 2700 500 2784 apud
524 2699 734 2764 Archibulum
760 2720 819 2785 ege
843 2722 898 2765 ero
922 2699 1155 2785 argentiirium.

202 2807 273 2873 Lib.
296 2808 420 2892 Nempe
443 2804 477 2871 in
500 2806 594 2872 iero?
631 2805 722 2870 Dem.
745 2806 811 2890 Ibi,
834 2806 861 2870 si
886 2805 963 2891 quid
986 2827 1069 2891 opus
1089 2805 1193 2871 fuerit
1220 2800 1332 2868 'Lt'i

954 2911 1143 2977 Meminero.

203 3020 293 3087 Dem.
316 3020 392 3087 Non
416 3022 485 3084 esse
509 3041 620 3084 seruos
643 3020 734 3103 pe'ior
756 3017 819 3083 hoe
842 3018 1015 3103 quisqurim
1038 3021 1145 3102 potest
1216 3058 1221 3067 ·

201 3127 269 3193 Nec
292 3127 396 3212 migis
421 3131 572 3191 uersutus
596 3127 654 3190 nc‘e
678 3147 741 3209 que
765 3125 806 3189 ab
830 3146 945 3189 coneus
969 3125 1111 3211 aegrius.

202 3233 316 3299 Eidem
340 3234 477 3317 homini,
501 3234 528 3296 si
552 3232 628 3316 quid
652 3234 739 3296 re‘ete
762 3235 910 3295 curatum
932 3232 1030 3317 uelis,

201 3340 348 3405 Mendes:
372 3340 484 3404 moriri
507 3340 577 3403 sese
601 3338 717 3402 misere
742 3337 897 3420 meiuolet‚

203 3448 307 3523 Quam
331 3448 396 3511 non
420 3446 597 3529 perfeetum
621 3444 734 3508 reddat
756 3443 841 3527 quod
864 3441 1060 3527 promiserit.

203 3552 287 3619 Nam
311 3554 391 3619 illud
415 3573 474 3637 ego
499 3555 670 3637 argentum
694 3552 761 3614 eim
785 3553 934 3634 paratum
958 3549 1035 3615 filio

204 3662 276 3728 Seio
301 3663 386 3744 sisse,
411 3682 507 3744 quam
531 3681 582 3722 me
605 3658 691 3722 hune
715 3655 893 3741 scipionem
917 3657 1036 3722 eontui.

203 3768 265 3832 Sed
289 3766 365 3850 quid
389 3787 448 3850 ego
473 3787 563 3831 cesso
587 3766 633 3828 ire
658 3763 697 3827 rid
721 3763 826 3863 forum
851 3784 914 3846 quo
938 3763 1144 3847 inceperam?

160 3890 197 3953 V.
222 3891 282 3954 126
307 3889 434 3972 spurius
459 3893 517 3954 est.
1068 3876 1071 3881 ¹

247 4012 373 4075 Tertius
394 4012 517 4078 aceedit
534 4013 634 4095 locus,
653 4034 749 4096 quem
771 4010 835 4075 huc
858 4011 1060 4076 referendum
1085 4033 1155 4077 esse
1176 4010 1311 4095 primus

159 4118 323 4204 perspexit
340 4117 576 4185 Fleckeisenus:
600 4142 628 4185 v.
642 4120 684 4184 23
701 4142 747 4202 sq.
770 4118 855 4183 idem
875 4118 985 4183 dieunt
1008 4119 1095 4205 quod
1112 4140 1142 4183 v.
1156 4102 1309 4184 25-28ε

160 4225 241 4292 adde
271 4224 355 4309 quod
378 4226 510 4305 eloquere
537 4232 644 4291 exstet
672 4250 700 4291 v.
720 4227 777 4308 28,
809 4228 909 4308 eloqui
931 4249 959 4292 v.
978 4227 1030 4292 24.
1081 4224 1166 4291 Utro.
1189 4226 1306 4289 men

160 4334 302 4399 recensio
327 4332 467 4417 genuina
491 4334 534 4396 sit
556 4335 672 4398 merito
697 4333 906 4397 dubit-everis.

244 4440 387 4516 Quartus
412 4441 461 4501 est
488 4438 576 4504 locus
600 4462 628 4505 v.
647 4441 713 4505 210
732 4462 814 4524 sqq.:
845 4460 956 4504 versus
985 4438 1071 4503 enim
1093 4436 1161 4504 210
1187 4432 1303 4502 erdem
