2948 5594
10 39 1216 437 a

429 500 434 511 Ι

67 827 109 880 Ill
129 835 156 896 3,
176 833 279 883 rs-as
544 825 746 881 Bnccfflnns

71 988 166 1076 Nego
190 989 251 1055 tibi
273 989 336 1055 hoe
358 985 451 1055 annis
476 989 592 1075 uiginti
617 987 716 1054 fuisse
739 990 853 1073 primis
875 990 999 1074 edpiae,

70 1094 221 1181 Digitum
245 1097 342 1181 longe
366 1119 386 1161 a
408 1095 601 1182 paedagogo
625 1096 738 1179 pe'dem
762 1100 800 1160 ut
823 1096 958 1160 auferres
983 1096 1125 1161 ae‘dibus.

72 1187 109 1266 ld
129 1225 227 1287 quom
247 1203 425 1287 optigerat,
444 1202 505 1267 hoo
525 1202 624 1267 etiam
644 1202 684 1266 ad
703 1203 826 1267 malum
845 1203 1069 1269 accersebatur
1083 1203 1233 1266 malum:-

71 1289 117 1374 llt
140 1310 316 1394 discipulus
340 1310 373 1373 et
394 1298 551 1394 magister
573 1308 828 1393 perhibebantur
850 1307 992 1394 inprobi.
1166 1323 1218 1372 425

70 1398 159 1480 rlnte
183 1417 284 1482 solem
305 1414 372 1480 nisi
395 1420 430 1480 tu
454 1417 652 1481 exorientem
675 1414 710 1480 in
733 1417 931 1500 palaestram
955 1419 1102 1500 ueneras,

72 1521 172 1587 Harid
196 1523 367 1587 mediocris
390 1517 540 1608 gimnasi
564 1522 727 1606 praefecto
751 1546 872 1608 poenas
896 1524 1059 1609 penderes,

73 1613 123 1692 lbi
148 1651 243 1713 equo,
266 1651 375 1712 eursu,
399 1629 566 1713 metando,
589 1629 699 1714 hasta,
723 1627 825 1714 diseo,
849 1632 1012 1717 pugilatu,
1033 1632 1114 1715 pila,

71 1734 223 1801 Saliendo
247 1758 317 1801 sese
340 1736 533 1801 exercebant
556 1737 659 1820 magis
684 1758 781 1820 quam
805 1742 912 1802 scorto
937 1742 993 1802 aut
1016 1738 1124 1802 sauiis.

71 1826 137 1921 llbi
162 1863 253 1907 suam
273 1845 414 1907 aetatem
433 1843 663 1928 extendebant,
686 1844 752 1907 non
770 1844 803 1907 in
822 1842 997 1910 latebrosis
1016 1844 1119 1924 locis]
1167 1860 1218 1908 430

72 1933 150 2011 lnde
174 1947 213 2012 de
236 1948 453 2038 hippodromo
477 1951 510 2012 et
532 1950 696 2033 palaestra
719 1949 775 2013 nbi
798 1952 978 2015 reuenissc‘s
1002 1951 1145 2035 domum,

71 2051 252 2119 Cineticulo
276 2052 480 2138 praecinctus
503 2054 538 2119 in
561 2038 643 2120 sella
666 2055 751 2139 apud
775 2057 968 2142 magistrum
993 2056 1154 2124 adsideres

72 2300 138 2356 ΒΖ.
159 2317 226 2369 qum
244 2301 280 2356 Β.
299 2317 361 2354 eum
383 2300 411 2356 0.
431 2300 500 2368 quin
519 2302 548 2355 D
633 2300 797 2357 adolescens
816 2303 908 2357 BFZ
986 2310 1047 2358 422.
1067 2304 1146 2372 Nego
1167 2322 1219 2374 ego

74 2381 264 2436 llermannus:
288 2383 349 2435 aide
367 2382 473 2450 Prolep.
496 2382 575 2436 I'rr'n.
590 2399 619 2450 p.
642 2381 797 2435 CLXVII
884 2383 938 2436 hoc
958 2384 989 2436 Z.
1013 2384 1084 2439 haee
1103 2386 1138 2437 Β.
1167 2386 1219 2440 hec

72 2460 134 2516 dl).
151 2461 224 2515 eeF
276 2461 686 2516 annisradendoacamnisD
740 2461 794 2515 suis
810 2463 882 2517 seD
949 2468 1008 2518 423.
1025 2462 1152 2532 Digitum
1164 2464 1219 2519 D¹:

73 2541 196 2611 llignum
212 2543 253 2594 D¹
306 2542 455 2611 pedagogo
474 2541 566 2595 BOF
581 2548 606 2598 et
624 2543 664 2596 sic
673 2542 841 2611 plerumque.
864 2543 1015 2613 pedagoga
1035 2544 1064 2596 D
1119 2544 1218 2612 pedem

72 2622 113 2692 ut]
128 2620 267 2690 pedemue
283 2620 318 2677 F.
334 2620 434 2691 pedem
449 2638 483 2676 ne
500 2623 526 2675 Ζ
578 2621 691 2677 efferres
706 2621 805 2676 edibus
819 2623 890 2679 BF.
906 2621 1002 2676 efferre
1025 2622 1138 2677 sedibus
1155 2623 1218 2679 01).

72 2700 184 2756 efferres
204 2717 237 2755 ex
256 2701 373 2755 aedibus
395 2702 421 2754 Z
480 2702 511 2756 V.
530 2707 593 2758 424.
614 2706 668 2756 425
686 2704 782 2771 quiin
800 2704 879 2758 libris
896 2709 1027 2758 secuntur
1042 2709 1105 2772 post
1124 2721 1147 2757 υ.
1163 2708 1219 2760 427

71 2783 124 2834 tue
143 2783 265 2850 reposuit
284 2782 452 2837 Grosslotius
471 2784 547 2850 apud
565 2782 692 2836 Dousam
800 2790 859 2838 424.
884 2783 916 2836 Id
934 2801 1020 2853 quom
1039 2785 1166 2837 Botulus.
1188 2784 1218 2835 ld

71 2860 137 2927 quoi
157 2862 184 2914 Β
205 2865 277 2927 (eum
296 2879 350 2917 ras.
366 2863 431 2916 cire.
450 2865 468 2915 4
486 2864 639 2918 litterarum
659 2870 723 2918 ante
736 2863 901 2933 optigerat).
921 2863 950 2916 id
970 2864 1035 2931 quio
1051 2863 1099 2918 D¹.
1120 2864 1218 2931 idque

73 2941 151 2995 00².
170 2940 255 3010 idque
271 2941 330 2994 ΒΖ
391 2940 534 3010 optigerat
547 2942 652 3009 BCD,
669 2945 716 2998 sed
734 2961 750 2998 0
769 2963 802 2999 aa
821 2964 839 2998 n
857 2962 925 3000 corr.
945 2946 980 2998 Β.
1002 2943 1145 3011 obtigerat
1160 2944 1221 2996 ΒΖ

163 3021 358 3074 accersebatur
376 3020 509 3075 BUDF.
538 3022 718 3078 areesebatur
738 3025 769 3078 Z.
798 3025 998 3079 accensebatur
1023 3024 1128 3078 Densa.
1159 3024 1220 3077 eride

70 3102 228 3156 Bentleium
246 3102 277 3154 in
296 3101 406 3155 Phorm.
427 3102 491 3153 III
507 3106 585 3166 3,11
664 3111 724 3160 425.
745 3104 884 3175 dicipulus
904 3105 944 3159 Βι
1017 3103 1219 3172 peribebantnr

69 3181 118 3234 13¹.
138 3179 361 3249 prohibebantur
381 3179 412 3234 F
481 3182 569 3256 lnpbi
583 3183 620 3238 D.
640 3183 762 3254 improbi
780 3187 880 3255 reliqui
951 3190 1013 3238 426.
1033 3185 1120 3254 Ante]
1140 3183 1219 3236 Adue

75 3260 184 3315 Petitur
204 3262 320 3315 Miscell.
341 3262 384 3314 II
401 3267 437 3316 17
509 3262 562 3315 nisi
581 3266 613 3317 tu
633 3266 805 3319 exorientem
823 3266 989 3319 Ititsclrelius
1009 3264 1113 3332 Prolep.
1138 3264 1217 3316 Irin.

68 3359 96 3410 p.
117 3340 261 3395 CCXXX
267 3341 357 3395 VIII.
382 3340 554 3396 exorientem
574 3343 629 3397 nisi
648 3347 714 3400 libri
733 3351 778 3414 (ex
797 3348 829 3400 r'n
847 3348 934 3399 litura
952 3346 991 3401 Β)
1067 3343 1219 3412 palestram

71 3438 161 3475 omnm
233 3426 293 3475 427.
316 3421 399 3477 Haud
421 3421 571 3477 mediocris
596 3424 724 3493 gymnasi
748 3426 890 3495 praefecto
915 3443 1018 3494 poenas
1037 3443 1063 3493 p.
1084 3424 1220 3495 Berplrius

72 3503 171 3570 Opusc.
192 3503 213 3554 I
234 3519 264 3570 p,
283 3506 327 3557 33.
348 3502 472 3571 Gymasii
492 3502 637 3571 (gimnasii
657 3506 697 3570 D)
717 3505 860 3574 praefecto
881 3506 1018 3574 (prefecto
1038 3507 1074 3558 Β.
1094 3505 1219 3573 profecto

71 3581 142 3647 FZ)
157 3579 234 3636 haud
244 3580 392 3636 mediocris
407 3598 511 3651 poenas
526 3589 625 3653 (penas
637 3586 710 3652 BR)
723 3587 859 3655 penderes
872 3588 1020 3656 (penderes
1036 3603 1068 3638 aa
1081 3586 1220 3653 penderes

70 3663 306 3730 suprascriptae
321 3663 360 3728 B)
380 3664 453 3717 litei.
473 3661 607 3732 Gymnasi
622 3666 764 3734 praefecto
780 3682 884 3734 poenus
899 3667 969 3718 haut
989 3664 1137 3718 mediocris
1152 3683 1218 3734 pen·

71 3740 152 3793 detes
173 3741 339 3796 Rilsetelius
358 3760 417 3797 eum
437 3744 607 3799 Hermanno.
627 3743 773 3798 Guminaai
793 3747 863 3799 idem
883 3748 980 3813 opusc.
1003 3747 1023 3796 I
1025 3745 1044 3796 I
1057 3762 1086 3812 p.
1107 3749 1161 3798 484

70 3827 132 3877 428.
151 3821 208 3893 lbi]
228 3821 273 3876 Illi
291 3829 316 3877 et
334 3824 378 3878 hic
396 3829 421 3878 el
437 3841 461 3878 u.
476 3831 530 3879 430
550 3828 668 3882 Bothius
686 3828 751 3880 olim
806 3843 877 3895 equo
892 3827 957 3880 add.
974 3825 1110 3877 Lucbsius
1124 3824 1218 3878 Herm.

69 3904 121 3957 vol.
144 3903 239 3956 XIII
253 3907 291 3969 (a.
310 3909 398 3970 1878)
412 3921 444 3972 p.
462 3909 526 3960 498.
546 3923 595 3961 om.
616 3908 683 3961 libri
781 3923 895 3959 cursura
914 3906 1058 3958 Palmerus
1078 3904 1218 3958 Ilermatlr.

69 3984 123 4037 eol.
143 3982 194 4036 IV
208 3986 246 4050 (a.
266 3989 353 4051 1881)
369 4002 397 4053 p.
418 3990 472 4038 138
541 3988 604 4040 asta
621 3988 679 4040 ΒΟ
739 3987 885 4041 luctantod
904 3985 1032 4049 Balbine,
1055 3983 1220 4037 Ililsebelius

69 4063 142 4118 Nor.
161 4080 216 4120 eac.
234 4082 262 4133 p.
283 4070 335 4132 63,
358 4067 406 4134 qai
424 4082 484 4120 eum
504 4066 665 4120 Hermanno
687 4066 764 4121 disco
785 4068 866 4120 hasta
889 4066 1019 4119 ediderat.
1043 4064 1102 4117 ulia
1126 4065 1219 4117 hiatus

68 4145 225 4198 remouendi
239 4146 386 4199 conamina
400 4147 461 4200 vide
475 4148 552 4214 apud
566 4147 729 4201 Muellerum
744 4148 821 4201 Pras.
834 4165 862 4215 p.
878 4151 934 4200 602
990 4142 1121 4212 pugilatu
1135 4143 1218 4197 Lam·

70 4224 161 4278 tirsus.
181 4223 322 4293 pugillatu
340 4223 518 4295 (pugiljlrglatu
538 4227 578 4293 D)
597 4228 663 4281 libri
725 4233 786 4281 429.
806 4224 911 4279 suauiis
928 4224 957 4278 F
1027 4223 1138 4277 Versum
1157 4225 1220 4286 430,

69 4320 148 4372 quan
158 4305 326 4373 parallelum
345 4322 400 4359 esse
417 4306 538 4359 uersibus
556 4311 618 4361 428.
637 4311 691 4361 429
710 4309 750 4361 sic
765 4308 829 4361 olim
843 4307 976 4374 seriptum
991 4303 1082 4357 ‘suam
1098 4304 1219 4356 aetatem

69 4382 254 4438 exercebant’
275 4385 432 4453 suspicatus
450 4389 488 4438 est
507 4385 642 4454 Berytius
663 4387 760 4455 Opuse.
775 4388 796 4438 I
808 4405 838 4456 p.
854 4391 897 4452 33,
916 4387 1015 4439 rectius
1034 4401 1094 4439 eum
1115 4383 1221 4454 Guyelo

69 4471 95 4518 et
115 4464 292 4519 Fleckeiseno
315 4466 523 4533 exstirpandum
546 4481 600 4520 esse
622 4467 729 4520 monuit
751 4468 963 4520 Braelrmannus
977 4482 1008 4534 p.
1028 4468 1064 4518 68
1078 4481 1116 4534 sp.

69 4547 177 4599 etatem
203 4543 291 4598 1302
396 4544 571 4599 excudebant
601 4546 684 4599 ‘alibi
712 4547 779 4613 lepi'
814 4548 884 4599 Pius
916 4548 956 4599 ait
1065 4552 1125 4599 431.
1154 4543 1219 4596 inde

68 4624 313 4695 dephippodromo
331 4624 357 4678 G.
374 4623 475 4679 indede
490 4626 577 4695 hippo
592 4626 689 4680 dromo
703 4626 740 4679 D.
761 4626 824 4679 inde
839 4627 873 4679 de
889 4625 1083 4694 hyppodromo
1099 4623 1134 4678 F.
1155 4622 1219 4675 inde

69 4706 258 4775 hippodromo
277 4706 303 4757 Ζ
371 4704 497 4774 palestra
514 4706 563 4759 ubi
583 4707 656 4761 libri.
681 4706 846 4775 palaestrad
866 4704 914 4757 ubi
933 4706 974 4759 vel
993 4704 1136 4773 palaestra
1156 4700 1220 4753 cubi

69 4786 240 4840 Ritsehelius
265 4788 363 4854 Opuse.
384 4787 447 4838 III
466 4804 495 4855 p.
517 4792 583 4850 141,
606 4788 656 4841 hoe
680 4803 740 4840 curn
764 4787 882 4856 Berplcio
907 4786 993 4837 Belle.
1014 4801 1044 4851 p.
1065 4788 1131 4847 119,
1160 4799 1220 4835 erem

72 4868 144 4921 illud
159 4869 217 4920 iam
231 4867 303 4920 Nou.
320 4883 376 4920 eac.
387 4884 416 4934 p.
434 4873 469 4921 75
485 4868 720 4921 commendavisset
788 4864 866 4917 ubire
881 4871 905 4920 et
921 4867 951 4918 in
965 4878 1033 4917 nouo
1049 4879 1071 4917 v.
1089 4860 1220 4915 venisses

72 4948 110 5002 D.
131 4947 180 5001 ubi
200 4964 230 5000 re
250 4945 382 5000 Venisses
402 4946 432 4998 F
502 4953 562 5000 432.
582 4946 741 5015 precinctus
762 4946 852 4998 ODI'
923 4943 1059 4997 assideres
1081 4940 1138 4992 ΒΖ

969 5031 1007 5085 4*
