2948 5594
166 305 209 368 28
671 302 806 358 resurr
1122 307 1149 360 11
1162 312 1286 374 err-eo

649 461 825 518 Lrsmsuvs

165 574 224 638 Pol
249 595 309 659 ego
334 574 438 639 emico
463 574 536 638 dedi
559 572 711 658 quoidam
734 595 880 658 operam,
902 573 979 639 dum
1002 576 1083 642 emit
1106 582 1262 664 unguento

635 730 835 785 Ousosrnssn

178 873 188 894 Ι
925 805 972 872 Vt
995 805 1061 872 cito
1085 813 1281 874 commentust

165 895 289 980 Ecquid
312 899 345 960 te
368 895 489 979 pudet?

648 979 826 1036 bremme

537 1073 657 1154 Omnis
680 1111 763 1174 queo
785 1094 821 1155 tu
844 1088 905 1156 uis.

636 1247 835 1302 Cnrosrsnrn

885 1321 950 1387 Vbi
974 1322 1009 1388 in
1031 1325 1136 1389 lustri
1158 1323 1277 1390 iacuisti?

647 1424 822 1482 Lrsinsrrvs

162 1481 259 1586 Egon
283 1501 317 1565 in
340 1499 465 1565 lustra?

634 1586 832 1641 Gnuoernnrs

503 1694 576 1760 Soio
601 1697 672 1780 plus
697 1718 795 1779 quem
820 1699 856 1760 tu
879 1717 930 1760 me
955 1696 1125 1763 trbitrere.

647 1853 823 1908 nrsmsuvs

873 1927 957 2004 Quid
980 1928 1013 1992 id
1037 1934 1090 1996 est
1112 1931 1193 2015 quod
1213 1928 1275 1994 scis?

636 2048 837 2104 Cnuosrnsrs

163 2159 208 2262 Τό
232 2181 307 2225 sene
332 2161 476 2224 omnium
499 2158 533 2224 in
558 2163 687 2224 senecta
709 2159 870 2224 neminem
894 2180 964 2225 esse
988 2160 1196 2247 igneuiorem.

161 2266 253 2332 Vnde
275 2268 319 2349 is,
343 2267 458 2331 nihili?
482 2265 540 2331 ubi
561 2265 674 2331 fuisti?
699 2263 758 2330 ubi
778 2264 969 2330 lustratu's?
991 2267 1049 2333 ubi
1072 2267 1202 2332 bibisti?
1239 2282 1276 2329 cis

163 2373 273 2437 Mides
297 2376 477 2438 mecastor:
500 2371 574 2437 uide
598 2371 769 2456 palliolum
794 2374 831 2436 ut
853 2375 959 2457 riget.

251 2571 302 2618 242
317 2582 354 2635 sq.
375 2566 486 2620 Nonius
500 2565 727 2635 p.333,1eo1..·
745 2563 835 2618 lustro
853 2563 984 2618 dicuntur
1002 2565 1125 2621 ferarum
1144 2563 1278 2622 habiucuu

163 2687 235 2699 ....
256 2647 345 2699 lustru
368 2645 454 2701 etism
479 2646 625 2716 lupanaria
648 2645 787 2699 dicuntur.
825 2643 940 2699 Plautus
963 2645 1116 2701 Asinaria.
1133 2691 1138 2702 .
1155 2648 1237 2702 ,idem
1257 2645 1278 2696 in

162 2726 263 2779 Casino
289 2725 365 2779 ‘ubi
390 2725 424 2779 in
439 2769 445 2780 .
461 2768 467 2779 .
483 2767 489 2780 .
504 2725 538 2779 in
562 2725 698 2779 lustrs’.
736 2724 892 2794 Porpbyrs'o
916 2727 953 2779 ad
972 2726 1041 2780 Hor.
1062 2731 1146 2782 Serus.
1165 2729 1185 2780 Ι
1200 2733 1226 2792 6,
1241 2731 1278 2778 ts:

161 2805 252 2859 lustra
276 2822 329 2860 non
354 2805 473 2860 ferorum
498 2807 603 2859 cubilis
625 2807 734 2859 tantum
759 2804 808 2858 sod
832 2806 861 2858 et
885 2804 1005 2874 popinae
1031 2807 1167 2861 dicuntur.
1192 2804 1280 2859 uomet

161 2884 276 2939 Plautus
305 2886 333 2938 in
362 2884 462 2939 Casina
490 2884 532 2940 ait
560 2884 633 2937 ‘ubi
663 2884 694 2935 in
724 2885 835 2938 lustra
864 2883 1029 2941 iacuisti?
1113 2892 1170 2942 ⁸245.
1194 2885 1280 2939 Nonius

160 2983 187 3033 p.
207 2971 276 3032 1:35,
296 2971 313 3020 7
328 2967 386 3019 M„-
415 2967 548 3019 lustratus
578 2965 746 3019 luxuriosus:
771 2982 788 3018 a
812 2965 921 3029 lustris,
946 2965 1051 3019 obditis
1075 2965 1151 3021 locis.
1187 2967 1280 3019 Plautus

163 3046 263 3099 Casina
283 3046 387 3100 ‘unde
403 3087 408 3097 .
425 3089 430 3099 .
449 3091 454 3101 .
471 3044 624 3099 bibisti’:
643 3050 677 3112 οῖ’.
699 3044 835 3101 Caesari.
854 3062 875 3099 s.
895 3062 915 3099 s.
931 3063 961 3114 p.
981 3050 1025 3100 32.

249 3213 308 3261 241.
330 3224 382 3276 ego
402 3224 452 3262 om.
472 3206 530 3260 ΕΖ
599 3205 699 3271 amico,
718 3222 735 3258 a
753 3204 796 3258 13⁸
813 3223 826 3260 e
846 3221 914 3261 coen.
988 3205 1100 3260 cuidam
1119 3205 1252 3261 BVEJZ

164 3287 200 3341 Vt
219 3288 246 3341 Β
309 3291 340 3342 ut
359 3288 415 3341 cito
430 3287 472 3340 13²
491 3305 523 3340 ex
542 3305 559 3348 'l
574 3288 647 3352 cato,
665 3292 697 3339 su
715 3286 769 3339 vid.
834 3287 1005 3338 commentus
1026 3290 1069 3340 cst
1085 3288 1211 3357 Pylades,
1228 3303 1283 3341 con·

162 3371 301 3422 mentetua
322 3368 469 3422 ostJFZ.
491 3365 701 3420 commendatus
722 3367 764 3419 ost
777 3364 807 3417 V.
828 3362 984 3419 comondst'
1005 3372 1020 3419 o
1039 3366 1067 3419 Β
1086 3362 1107 3435 (’
1129 3369 1222 3434 efort.
1238 3366 1284 3432 Bf).

162 3450 323 3503 comedatus
347 3447 393 3517 (od
417 3465 486 3503 corr.
509 3445 562 3514 ΒΡ)
587 3446 628 3499 est
652 3445 681 3497 Ε
702 3445 739 3514 (*)
822 3450 881 3500 242.
907 3444 925 3498 S
945 3463 1049 3514 praere.
1069 3447 1101 3500 Β
1179 3444 1285 3513 Ecquid

161 3529 230 3595 ΒΕ,
248 3531 279 3583 in
298 3546 350 3598 quo
368 3530 431 3583 dein
451 3535 465 3581 o
485 3545 520 3582 er.
585 3543 638 3594 que
656 3525 714 3579 JF
770 3524 821 3578 Vbi
840 3527 867 3578 B
926 3525 1046 3580 inlustra
1064 3527 1176 3582 Bw.
1195 3527 1286 3580 illustre

161 3610 201 3662 Β1
221 3610 258 3679 (*)
332 3614 392 3664 243.
417 3608 512 3677 Egone
537 3607 607 3675 (Ego
631 3622 666 3659 ne
685 3605 723 3674 B)
747 3607 776 3659 in
800 3607 888 3659 lustru
908 3607 973 3660 libri
991 3624 1052 3661 cum
1071 3608 1165 3662 Nonio
1183 3610 1224 3677 (ec
1239 3605 1286 3674 Ego

161 3690 235 3742 enim
254 3692 344 3758 Loid.)
363 3690 419 3743 cisi
437 3690 509 3757 quod
527 3686 645 3740 inlustre
668 3686 699 3741 V.
720 3685 831 3740 illustre
849 3686 879 3738 E
941 3685 1005 3741 Scio
1023 3693 1048 3742 ct
1067 3686 1139 3752 Quid
1158 3689 1185 3740 B
1202 3688 1230 3741 io
1245 3702 1287 3756 ouo

161 3779 258 3831 ‹tcinde
278 3779 357 3832 verba
376 3776 405 3828 id
422 3817 518 3831 .....
537 3775 623 3830 tuscis
641 3791 759 3829 seorsum
778 3776 939 3831 cohibentur
957 3778 1029 3830 inter
1046 3779 1141 3844 epotis
1198 3758 1237 3850 ‘id’
1255 3774 1285 3827 Ε1

160 3857 240 3922 (corr.
259 3857 310 3922 12¹³)
400 3856 430 3909 id
449 3874 498 3911 om.
518 3858 542 3911 J
545 3856 575 3910 F
662 3855 692 3908 id
711 3858 754 3910 est
772 3873 805 3910 esc
824 3853 860 3908 id’
881 3856 923 3909 E³
1013 3856 1088 3923 quod
1108 3857 1211 3913 ml.
1233 3853 1286 3924 quid

161 3953 188 4005 e
199 3952 261 4006 vet
284 3936 328 4022 tu
345 3955 386 4007 n1
442 3955 495 4007 seis
511 3956 668 4024 Geppertoo.
688 3957 719 4006 tu
739 3954 792 4007 sus
811 3955 877 4008 zoe
892 3954 928 4022 (ci
943 3954 993 4019 rr,
1012 3960 1043 4007 ut
1061 3955 1127 4020 vsu,
1145 3953 1286 4020 conici

231 4039 291 4087 244.
317 4034 356 4088 Te
380 4051 476 4088 senum
503 4036 531 4087 F
601 4035 629 4088 in
649 4037 762 4088 senecta
780 4032 820 4089 Ξ.
848 4050 940 4088 senem
961 4036 1027 4089 iibri
1045 4035 1083 4103 (⁸)
1154 4041 1212 4090 245.
1229 4030 1287 4088 isb'

160 4131 193 4168 ex
211 4132 265 4169 rae.
284 4116 372 4170 JFZ.
394 4115 438 4169 his
457 4116 549 4169 BVE
566 4121 629 4168 ante
647 4131 701 4168 ros.
722 4131 750 4168 es
769 4115 880 4170 Nouius
933 4112 1033 4168 nichili
1050 4115 1089 4168 Ε.
1108 4116 1178 4169 nihil
1193 4115 1285 4170 Nouius

232 4195 365 4250 lustratus
385 4197 463 4255 libri,
487 4196 597 4248 Nonius
616 4197 646 4247 in
666 4195 749 4249 lemos.
770 4199 849 4263 (corr.
870 4195 1042 4263 Lambinus).
1061 4194 1196 4249 lustretur
1212 4191 1285 4248 b'onii

160 4276 262 4329 codices
335 4275 382 4330 ubi
407 4275 503 4329 bibisti
527 4274 664 4329 B²JFZ.
688 4274 736 4327 ubi
761 4272 858 4327 uicisti
881 4274 995 4328 B¹VE.
1019 4273 1058 4326 ibi
1084 4274 1195 4329 bibatur
1212 4271 1284 4328 Nouii

159 4355 262 4409 codices
280 4357 316 4423 (¹¹³)
412 4361 472 4410 246.
496 4355 594 4409 Mudes
617 4355 649 4411 Β
674 4356 731 4411 coll.
757 4354 838 4409 Most.
864 4359 925 4408 331.
953 4353 998 4406 Ad
1022 4355 1066 4408 est
1090 4354 1186 4409 BVEJ
1213 4353 1282 4407 Adest

160 4433 183 4486 J
188 4432 248 4485 ΒΖ
317 4452 362 4489 me
381 4438 474 4490 castor
493 4435 560 4489 BE.
580 4452 625 4489 me
644 4436 754 4490 ecastor
773 4433 804 4487 F
