2948 5594
162 314 226 377 132
641 312 827 367 APPENDIX

160 455 342 523 bermuspielt’
372 456 514 524 Loeecr'us,
541 458 589 526 qui
615 471 763 525 properem
791 458 929 510 secturam
957 462 1136 526 temptaverat
1160 463 1193 513 ut
1217 460 1293 527 spatio

162 553 325 603 couprucus:
344 537 416 606 quod
427 538 574 604 paululum
592 536 695 590 excedit
713 537 925 604 supptementum
944 554 1041 603 meum,
1057 538 1117 592 uisi
1128 536 1193 592 scd
1202 539 1290 605 suerit).

165 616 220 668 Vis·
227 617 280 670 huc
285 619 404 685 pertinet
411 615 581 671 Philoxenus
589 634 616 684 p.
625 621 652 682 6,
659 620 708 669 48:
718 613 754 668 ad
764 615 969 684 praefecturam
978 616 1051 685 rupte
1060 614 1112 686 τὴν
1121 613 1289 687 ἕκαρχότητα

233 700 293 748 908.
326 695 462 749 auxilium
492 696 580 750 feram
605 713 655 749 om.
681 699 713 749 ut
736 696 855 766 Pylades
882 696 926 750 ‘ec
951 697 1022 751 cod.²
1052 698 1169 768 itemque
1193 697 1289 752 Guietu

162 775 201 827 Vt
219 790 291 842 quse
309 792 378 829 corr.
398 775 533 829 auxilium
552 775 676 830 adferam
695 775 796 829 Battus
813 793 925 845 pramm.
944 777 1040 832 Plaut.
1059 794 1130 847 spec.
1149 778 1169 830 I
1181 795 1210 847 p.
1225 781 1262 832 11,

234 859 294 908 912.
313 855 346 908 ut
364 860 427 908 aute
446 855 533 908 metui
552 856 615 909 add.
633 854 754 925 Pylades
772 857 892 922 (sublata
904 864 965 922 pou
980 857 1095 912 domum
1114 858 1286 924 cutiacum),

166 950 277 1002 quoque
293 940 357 1001 post
375 935 403 988 in
422 951 467 988 me
486 933 653 999 Lambinus,
673 935 697 988 si
715 933 754 987 sit
771 941 832 1002 post
850 935 930 1004 qussi
949 937 1172 1006 Liudemouuus,
1193 936 1286 991 munit

114 1044 117 1051 ·
161 1019 223 1083 post
246 1011 369 1066 esuriens
393 1013 555 1082 Geppcrtus,
577 1018 652 1068 esset
674 1015 741 1069 ibid.
766 1015 886 1069 Brirrius
903 1019 1055 1085 praeeunte
1077 1016 1176 1072 Rauso
1198 1015 1283 1086 Queat.

162 1112 275 1164 promm.
296 1096 334 1149 erl.
347 1095 437 1149 Berot.
448 1111 474 1148 a.
486 1098 559 1148 1876
569 1113 598 1163 p.
610 1100 654 1149 36.
675 1094 744 1148 mihi
762 1096 849 1148 metui
864 1098 895 1163 (t)
910 1095 1045 1151 Gestatus.
1064 1114 1100 1151 ne
1119 1098 1203 1152 stium
1214 1097 1248 1151 art
1256 1110 1282 1149 m

167 1174 237 1228 adeo
257 1176 328 1228 iuter
346 1176 405 1228 alia
423 1175 571 1243 temptabat
590 1175 715 1230 Briuius.
732 1207 765 1216 -
785 1175 891 1230 faceret
908 1175 938 1229 in
957 1175 1022 1230 mod
1041 1175 1163 1232 Guietus.
1186 1176 1280 1231 (idm

164 1273 188 1311 v.
207 1260 258 1308 911
279 1253 379 1308 Clades
399 1253 546 1309 calamites
561 1255 692 1309 Bothius:
718 1258 787 1310 idem
803 1256 886 1310 Modo
906 1255 1277 1322 superaccesserat.

236 1331 316 1387 912¹).
343 1348 741 1389 UBINtlh———R-——UM
762 1335 929 1405 Geppertus,
946 1336 1020 1390 uude
1036 1337 1127 1405 suppl·
1159 1335 1208 1390 Vbi
1221 1331 1278 1388 nolui

163 1413 206 1467 illi
225 1429 330 1467 morem
349 1430 457 1483 gerere,
481 1413 520 1466 ibi
544 1430 574 1468 os
599 1415 741 1481 pendebat
758 1413 931 1485 improbum:
954 1421 984 1469 ut
1002 1429 1024 1470 U
1042 1421 1100 1470 tam
1124 1421 1188 1472 certe
1203 1418 1276 1484 quode

165 1495 255 1547 littera
283 1498 320 1545 est
347 1508 430 1560 quam
452 1493 566 1561 septima
589 1509 644 1547 uou
667 1499 705 1547 est
727 1511 812 1565 meque
834 1497 941 1565 reliqua
964 1496 1112 1565 quadrant.
1141 1496 1219 1550 Imtr‘o
1236 1490 1274 1545 Vbi

164 1573 226 1627 uolt
244 1570 386 1641 (inhia)r(s
405 1571 445 1637 i)n
464 1573 612 1641 temptabat
630 1573 754 1628 Laeuius
773 1579 804 1626 ut
821 1575 912 1641 spatio
930 1589 1092 1643 couprueus.

236 1658 295 1706 914.
315 1650 488 1705 decribrsuit
503 1669 556 1721 pro
574 1652 737 1708 deturbsuit
751 1653 904 1707 Palmerr'us
922 1653 1019 1721 Spicil.
1028 1669 1059 1721 p.
1069 1657 1124 1708 879
1142 1648 1273 1721 (decubuit

163 1749 210 1787 ms.
230 1733 340 1801 Lamp).
366 1763 397 1770 —
423 1731 553 1785 carnibus
574 1749 626 1800 pro
646 1750 709 1788 cum
728 1749 810 1788 corne
829 1734 907 1786 rualit
926 1732 1066 1788 Rostrum
1090 1748 1219 1787 carnetum
1233 1729 1271 1783 Ge

164 1815 241 1867 tetus.
265 1813 445 1880 praetrunout
469 1811 651 1868 Garsaurius.
681 1845 713 1852 -
746 1813 894 1882 pecoribus
919 1813 1074 1867 Lambinus
1097 1813 1167 1880 (item
1185 1829 1204 1866 r.
1219 1810 1271 1873 909).

164 1892 322 1961 tergeribus
340 1892 366 1944 ll.
378 1892 394 1943 l.
405 1891 579 1959 praeferebat
588 1892 711 1946 Bosscho
730 1897 837 1959 (contro
854 1892 1000 1961 tegoribus
1014 1909 1037 1946 c.
1051 1896 1125 1962 902).
1145 1891 1183 1958 Os.
1195 1888 1271 1943 ems

160 1990 190 2041 p.
212 1976 273 2036 141,
293 1976 328 2025 17
346 1971 385 2024 ed.
405 1969 479 2024 Nab.

237 2057 297 2105 917.
315 2050 499 2119 percontubst
519 2048 643 2106 Guietus.
664 2053 846 2106 cunctabatur
865 2051 1024 2120 Geppertus.
1051 2082 1084 2091 -
1112 2052 1210 2121 possent
1223 2047 1271 2100 Bos

163 2133 241 2186 sctra:
261 2137 290 2184 at
309 2132 342 2196 cs.
363 2129 514 2183 Muellerus
532 2130 609 2184 Pros.
625 2150 655 2199 p.
674 2137 719 2187 93.
739 2133 837 2200 Inepte
851 2137 915 2200 post
939 2132 1013 2185 tuuc
1036 2147 1141 2186 cusum
1158 2130 1271 2198 capus

166 2211 271 2267 ‘Zscbr
291 2212 311 2277 f.
332 2211 429 2280 Gpmu.
449 2210 494 2263 ιο]
515 2215 532 2264 t.
554 2210 615 2264 XX
627 2228 657 2278 p.
673 2215 728 2267 442
753 2212 888 2266 inserebat
911 2211 1098 2281 [rupuerstum
1111 2211 1177 2280 quod
1190 2206 1270 2262 Nouius

164 2291 283 2346 serua-eit
301 2293 336 2357 (v.
356 2290 406 2342 sub
424 2291 505 2355 fiuent
523 2291 645 2359 fabulae)
664 2292 704 2345 sic
722 2292 935 2356 couformatum:

271 2368 342 2421 Tum
361 2369 465 2437 pileum
486 2386 568 2437 quem
586 2368 687 2423 habuit
705 2370 829 2439 deripuit
847 2372 966 2437 eumque
986 2370 1022 2424 sd
1042 2369 1148 2424 caelum
1165 2362 1257 2423 soluts

236 2455 295 2503 990.
330 2446 429 2502 Dicam
452 2453 485 2503 ut
503 2466 604 2517 penum
628 2449 683 2503 sibi
706 2449 783 2503 aliud
807 2451 887 2503 ornet
905 2448 1029 2503 Guletus.
1064 2449 1162 2503 Dicam
1179 2442 1274 2502 dulit

164 2547 266 2600 penum
287 2528 339 2581 sibi
359 2528 478 2582 adornet
491 2528 621 2582 solutus
642 2531 772 2597 (adornet
786 2546 818 2582 cc
832 2545 879 2582 ms.
895 2529 1005 2597 lamp).
1030 2528 1129 2583 Dicam
1146 2525 1186 2582 illi
1200 2528 1225 2577 ul
1237 2518 1274 2573 sibi

165 2626 267 2679 penum
285 2607 362 2661 uliud
382 2612 462 2661 ornet
480 2608 678 2663 Flecter'scuus.
699 2610 796 2662 Etiam
810 2611 834 2663 le.
851 2611 867 2662 l.
888 2611 932 2677 (cf.
952 2610 990 2662 ad
1008 2626 1024 2662 o
1049 2613 1113 2673 796)
1131 2603 1274 2663 testamur

166 2692 198 2744 dc
215 2704 308 2758 peuers
323 2688 505 2755 probabiliter
524 2689 561 2742 cd
582 2688 702 2757 Capram
718 2690 891 2756 Probumque
909 2689 1084 2741 revocaveris.
1106 2719 1136 2725 —
1155 2686 1177 2740 si
1193 2681 1276 2752 quidem

168 2788 197 2824 se
216 2770 257 2823 uti
278 2769 355 2822 uolet
373 2768 497 2821 Guietus.
518 2768 541 2821 si
561 2769 673 2835 quidem
692 2786 751 2823 sese
771 2769 848 2821 uolet
868 2767 914 2820 Vti
934 2767 1074 2821 Botlrius³.

237 2856 298 2902 921.
318 2846 390 2901 Nam
409 2846 501 2900 isthuc
521 2847 634 2914 quidem
654 2848 701 2902 hio
719 2854 751 2902 ut
765 2850 887 2901 Guictus.
921 2848 993 2900 Nam
1013 2849 1042 2900 in
1061 2848 1114 2901 hoc
1132 2846 1176 2899 hic
1195 2841 1279 2912 quidem

166 2933 198 2983 nt
218 2930 338 2998 Pylades
357 2928 418 2995 (ubi
436 2926 509 2980 Nem
531 2928 585 2981 hoc
610 2934 659 2982 aut
678 2928 750 2981 Nam
775 2927 820 2981 hic
839 2927 1064 2993 Lirulemauuus,
1087 2929 1120 2981 ut
1137 2927 1180 2981 hic
1196 2922 1281 2993 quidem

166 3008 367 3076 Fleckeiseuus)
387 3009 523 3074 refutante
542 3006 671 3076 Seyfferto
691 3026 759 3064 oeus.
775 3025 804 3078 p.
826 3013 906 3062 1351.
935 3008 1009 3062 Nam
1034 3007 1175 3076 hiquidem
1195 3006 1222 3058 ut
1236 2999 1281 3055 istic

166 3090 250 3143 homo
270 3089 406 3142 Luetsius
426 3088 569 3141 Ccmmcut.
585 3091 696 3157 prosod.
715 3090 753 3143 Π
769 3090 818 3156 (ed.
839 3106 864 3141 a.
885 3089 970 3156 1984)
987 3105 1014 3156 p.
1035 3094 1079 3141 14.

237 3175 296 3223 993.
333 3168 444 3222 Versum
467 3170 726 3223 iambicobaccluum
750 3170 823 3237 (item
846 3185 870 3220 u.
894 3172 1011 3236 lttdsq.)
1036 3169 1090 3233 des.
1110 3163 1283 3222 suscensus

167 3250 199 3302 dc
218 3254 289 3302 caut.
304 3264 335 3316 p.
351 3251 387 3302 47
406 3249 449 3317 (ob
469 3248 598 3301 reducem
618 3266 641 3302 o.
654 3253 728 3306 931).
748 3249 898 3301 redducam
916 3248 1098 3301 ciudicaruut
1117 3242 1285 3316 Seyfferlusdt

167 3329 255 3383 bacch.
272 3346 301 3397 p.
317 3332 352 3381 11
362 3344 400 3395 sq.
419 3333 444 3380 et
462 3344 530 3381 ceres.
546 3345 575 3396 p.
587 3333 659 3382 1350
679 3329 888 3397 Speupeliuspuc
908 3327 994 3393 ‘Bet’
1012 3345 1042 3395 p.
1053 3332 1116 3382 209.
1141 3329 1168 3380 te
1181 3325 1286 3380 reducem

166 3425 239 3461 nunc
259 3412 307 3460 tuo
326 3406 527 3461 Fleckeiseuus.
546 3408 675 3461 reducem
696 3411 724 3461 te
743 3410 791 3460 tuo
810 3407 937 3460 Bulaeus.
1297 3434 1303 3447 ·

238 3494 298 3541 995.
319 3487 430 3541 Versum
449 3493 499 3541 aut
513 3489 654 3541 delerrdum
674 3493 724 3541 aut
737 3489 777 3541 sic
792 3488 1018 3551 coul'ormuudum
1027 3489 1148 3556 putabat
1157 3485 1286 3540 Acidaliae.

168 3569 242 3634 Ques
267 3569 333 3620 dum
351 3568 380 3620 te
400 3565 562 3633 carendum,
586 3566 651 3620 dum
677 3568 722 3621 hic
741 3567 796 3620 fuit
814 3568 937 3621 Guietue.
976 3570 1023 3621 Au
1041 3569 1112 3634 fuit:
1145 3564 1287 3622 exemerunt

169 3649 245 3712 Quae
264 3647 355 3700 adhuc
370 3648 398 3699 te
418 3662 523 3712 carens,
543 3646 608 3699 dum
622 3646 668 3700 hic
687 3647 740 3715 fui,
760 3648 952 3701 sustentatum
967 3645 1075 3720 (Mala,
1090 3648 1164 3703 haud
1177 3648 1228 3701 ism
1240 3646 1288 3698 sust

168 3729 242 3781 melu
260 3742 345 3794 quom
364 3725 392 3779 in
411 3743 502 3780 meum
520 3743 579 3780 rem
597 3725 715 3801 fuere>?

240 3811 301 3858 996.
322 3806 395 3856 hunc
413 3822 487 3859 nunc
506 3806 724 3862 Liudemauuus.
748 3808 821 3862 hunc
840 3825 893 3878 ego
913 3808 1112 3863 Fleckeiseuus.
1141 3808 1224 3862 istunc
1239 3802 1288 3857 Bel·

167 3887 240 3939 scius.
269 3916 302 3926 —
331 3884 474 3954 conspicio
502 3887 557 3941 ism
587 3886 735 3957 l'ssiupr'us.
764 3919 798 3928 —
826 3889 855 3941 in
880 3890 1020 3957 potestate
1049 3887 1188 3958 conspicio
1213 3888 1288 3938 norbo

168 3964 316 4035 Sepffertus
335 3966 367 4019 de
386 3967 474 4020 bacch.
490 3984 520 4035 p.
531 3971 568 4021 43
587 3970 632 4035 (cf.
643 3968 803 4037 &perpetius
815 3969 915 4023 l’trilol.
927 3969 1040 4023 XXIX
1046 3987 1074 4037 p.
1087 3974 1146 4024 185.
1162 3958 1290 4022 ffll'll

165 4062 194 4113 p.
209 4045 283 4113 449).
305 4045 503 4111 Otadvsttt
524 4048 596 4101 hunc
615 4047 705 4101 furem
725 4049 812 4118 spicio
831 4050 872 4103 cei
890 4051 944 4103 tale
963 4051 1030 4118 quid
1049 4047 1081 4104 Ε
1100 4050 1223 4103 dubitem
1237 4057 1287 4095 ute

168 4123 342 4194 conspicere
361 4132 385 4179 et
404 4127 559 4195 conspicari
578 4128 606 4181 in
626 4131 766 4198 potestate
785 4130 842 4183 dici
857 4132 945 4198 possit
964 4132 1010 4198 (cs.
1025 4147 1090 4199 opp.
1106 4131 1165 4185 crit.
1178 4129 1212 4182 ad
1226 4123 1285 4177 Irin

167 4224 191 4260 u.
211 4208 285 4272 636).

239 4290 298 4339 997.
334 4285 445 4340 Versum
469 4287 727 4342 iambicobaecbeum
753 4291 807 4355 def.
828 4290 975 4359 Seyffertus
998 4291 1031 4343 de
1055 4291 1145 4344 boeot.
1166 4307 1193 4357 p.
1210 4288 1239 4338 tt
1256 4284 1281 4345 (c.

167 4365 204 4417 ac
222 4382 247 4418 u.
266 4367 334 4433 923)
353 4366 508 4434 obloquente
527 4367 670 4437 Spe-apello
691 4368 778 4435 ‘Bet'
794 4386 825 4438 p.
844 4374 911 4425 283.
930 4370 1013 4423 huius
1030 4387 1086 4438 pro
1105 4370 1171 4423 hsec
1183 4361 1281 4421 Bouto.

166 4442 236 4497 hoec
254 4447 299 4499 est
316 4447 428 4517 repertu
447 4447 570 4502 Guietus.
