2948 5594
166 288 190 340 X
629 282 838 338 PRAEFATIO

162 449 201 513 In
226 470 290 533 qua
315 469 395 531 quae
419 447 482 512 huc
504 446 689 529 pertineant
711 445 912 512 commodius
934 446 983 511 ita
1004 445 1203 532 percensebo,
1220 448 1277 511 uta

164 557 227 620 fine
250 553 408 621 exordiar.

252 660 338 726 Nam
367 682 478 726 versus
502 661 568 726 982
595 683 672 745 pars
699 661 862 745 posterior
889 662 923 726 in
947 661 982 726 P
1005 682 1080 726 cum
1110 659 1278 726 detentae

164 771 281 855 quante
311 769 426 833 lacuna
454 768 575 834 maiore
582 818 591 852 ,
622 768 693 852 quis
723 768 872 834 dubitare
902 771 1013 853 potest
1040 767 1120 852 quin
1144 789 1212 833 cum
1233 765 1277 830 boc

164 876 290 941 defectu
309 875 481 940 cohaereat
499 875 584 959 quod
604 878 698 940 antea
721 875 812 959 prior
830 898 906 959 pars
926 896 1038 940 versus
1062 874 1128 940 965
1150 871 1228 939 dead
1269 906 1277 918 ·

164 990 218 1048 tur
242 1003 401 1047 unacum
430 982 577 1046 versibus
605 981 837 1066 sequentibus?
883 980 975 1058 Quod
1004 1002 1080 1047 uero
1108 980 1209 1066 priore
1226 979 1277 1044 loco

165 1093 240 1173 post
262 1089 394 1172 plenum
424 1110 563 1153 versum·
576 1088 642 1154 965
664 1090 697 1154 A
727 1093 850 1173 septem
877 1093 1009 1154 tantum
1035 1109 1149 1153 versus
1175 1086 1279 1172 praebet

164 1195 365 1280 totidemque
390 1216 508 1260 vacuos
532 1195 687 1281 relinquit
708 1195 751 1279 B,
774 1195 953 1280 posteriore
976 1216 1055 1261 vero
1079 1198 1155 1280 post
1176 1195 1278 1279 plenum

165 1325 294 1369 versum
317 1303 382 1368 982
409 1325 526 1368 novem
550 1302 582 1368 A
610 1302 710 1368 habet
737 1301 810 1389 (aut
837 1306 924 1368 certe
953 1305 1026 1368 octo
1052 1301 1205 1387 bipartito
1222 1297 1279 1382 uno)

163 1410 361 1493 totidemque
394 1431 512 1475 vacuos
543 1410 596 1488 B,
630 1409 726 1493 plane
753 1410 972 1494 intellegimus
1001 1411 1038 1473 in
1070 1409 1236 1494 archetypo
1253 1426 1280 1470 ox

162 1517 308 1582 versibus
336 1516 513 1582 ooo—972
542 1517 621 1582 duos
655 1517 828 1601 bipertitos
856 1517 955 1582 fuisse
985 1519 1043 1581 aut
1076 1537 1155 1582 vero
1183 1515 1281 1581 duabu

162 1625 308 1689 versibus
336 1625 387 1689 vel
419 1645 483 1689 uno
512 1624 670 1709 bipartito
698 1625 875 1690 auctiorem
904 1624 997 1690 illum
1025 1621 1178 1710 fuisse.*)
1224 1621 1282 1688 Sino

162 1731 260 1795 dubio
294 1735 402 1797 autem
435 1731 508 1797 folii
537 1731 671 1797 dimidia
697 1753 773 1816 pars
801 1735 872 1796 tota
905 1731 1019 1797 deinde
1051 1731 1198 1796 abscissa
1224 1730 1284 1794 erat

162 1838 232 1902 Iam
251 1843 326 1922 post
343 1839 484 1923 priorem
504 1839 653 1904 lacunam
673 1842 748 1903 ante
766 1860 878 1904 versus
902 1838 1078 1905 982-991
1104 1860 1178 1904 cum
1200 1837 1285 1903 111111

162 1968 278 2010 novem
289 1968 410 2030 versus,
425 1968 463 2010 ex
475 1945 592 2030 quibus
603 1946 900 2031 antepaenultimus
915 1968 980 2011 non
995 1945 1105 2030 potuit
1119 1967 1187 2011 non
1199 1944 1283 2028 bipar-

162 2053 242 2118 titus
263 2075 342 2139 esse,
365 2052 483 2137 viginti
502 2075 653 2119 versuum
673 2053 809 2138 paginas
832 2057 921 2118 certa
944 2053 1189 2138 computatione
1208 2047 1285 2116 effici·

163 2182 245 2242 mus,
268 2183 404 2245 quarum
428 2161 531 2225 altera
554 2183 584 2226 v.
598 2160 774 2226 973-991
799 2161 969 2244 complexa
992 2160 1047 2245 sit,
1071 2157 1285 2225 alternabit

162 2267 281 2332 -972,
326 2266 417 2332 Nam·
435 2290 465 2333 v.
487 2267 665 2334 951-962
693 2289 765 2333 cum
794 2287 929 2333 scaenae
957 2268 1171 2351 inscriptione
1199 2267 1231 2330 in
1249 2286 1288 2328 ar·

162 2373 302 2459 ehetypo
331 2379 404 2439 octo
436 2397 547 2439 versus
579 2396 753 2459 occupasse
783 2374 899 2459 (ferme
929 2377 967 2439 ut
995 2375 1029 2439 in
1058 2373 1108 2459 B)
1139 2378 1289 2459 propterea

163 2481 325 2545 affirmare
349 2503 529 2567 possumus,
553 2481 629 2567 quia
653 2481 792 2546 similem
815 2481 993 2565 defectum,
1016 2481 1072 2546 sed
1096 2481 1194 2565 paulo
1215 2477 1288 2543 iutri-

162 2588 315 2653 catiorem
340 2590 373 2652 in
397 2589 600 2672 praecedenti
624 2589 703 2654 folio
727 2589 915 2673 detegimus.

253 2696 299 2760 Ac
327 2696 467 2779 primum
499 2697 628 2781 quidem
657 2718 806 2761 versuum
833 2696 1010 2760 943-950
1043 2696 1169 2778 priores
1199 2697 1291 2777 partos

163 2802 387 2866 desiderantur
420 2803 564 2867 continui
597 2803 693 2887 plane
729 2807 766 2867 ut
802 2824 951 2867 versuum
989 2802 1166 2866 923-929
1199 2804 1292 2885 partes

162 2910 375 2991 posteriores:
409 2910 463 2974 ubi
497 2910 581 2995 quod
614 2913 736 2988 septem
763 2910 898 2974 lacunae
929 2909 1098 2993 oppositae
1127 2913 1204 2972 sunt
1232 2909 1293 2971 octo

163 3015 285 3080 lacunis
315 3015 411 3080 facile
441 3016 514 3079 inde
543 3017 738 3100 declaratur,
765 3017 850 3100 quod
873 3038 902 3081 v.
925 3016 990 3080 929
1020 3037 1087 3079 non
1110 3016 1219 3098 potuit
1240 3034 1296 3077 nou

163 3121 335 3205 bipartitus
359 3145 438 3187 csse.
484 3122 572 3186 Idem
597 3124 892 3205 1111111111922,
924 3122 978 3206 qui
1002 3122 1158 3187 maiorem
1181 3122 1295 3185 hiatum

162 3228 307 3312 proxime
340 3230 516 3294 antecedit:
548 3230 583 3294 in
612 3252 675 3313 quo
708 3251 780 3294 cum
809 3233 883 3293 ante
911 3230 1008 3292 finem
1037 3226 1133 3312 (olim
1162 3248 1297 3293 seorsum

162 3334 390 3421 perscriptum)
411 3338 567 3401 minorem
587 3338 735 3401 lacunam
754 3342 823 3401 tam
842 3358 953 3400 versus
977 3357 1075 3419 quam
1089 3335 1124 3400 B
1149 3334 1299 3412 ostendat,

32 3472 42 3491 =
162 3448 253 3528 patet
280 3466 352 3508 cum
380 3445 441 3509 hoc
470 3443 596 3508 delectu
625 3444 809 3527 cohaerere,
838 3444 922 3528 quod
953 3466 978 3507 v.
1003 3443 1069 3507 940
1097 3442 1229 3507 ineunte
1250 3443 1299 3505 orio

162 3535 352 3635 prodromo
375 3552 529 3616 traditum
550 3556 614 3615 est:
634 3552 794 3635 simulque
817 3551 1003 3636 colligimus
1027 3573 1056 3615 v.
1071 3549 1137 3613 941
1163 3570 1300 3613 seorsum

163 3660 319 3743 scriptum
349 3658 428 3742 (non
452 3660 558 3724 versui
583 3660 648 3723 940
671 3658 872 3742 adiunctum,
900 3659 992 3722 utin
1016 3658 1063 3742 B)
1092 3657 1205 3721 eodem
1237 3655 1301 3719 folii

162 3766 235 3827 loco
269 3764 429 3847 extitisse,
461 3789 524 3848 quo
556 3765 670 3830 ultima
702 3789 731 3830 v.
762 3766 827 3830 922
861 3765 957 3828 verba
987 3765 1020 3828 in
1053 3764 1177 3847 pagina
1213 3767 1301 3827 recta

163 3869 284 3933 Verum
308 3871 394 3934 enim
419 3895 493 3936 vero
518 3874 616 3937 etiam
640 3896 668 3936 v.
692 3874 868 3937 934-936
892 3873 938 3935 ita
961 3871 1141 3954 comparati
1166 3876 1250 3953 suut,
1270 3874 1302 3932 ut

163 3975 308 4040 lleiziani
337 3978 402 4040 sint
430 3979 651 4044 deficientibus
680 4002 780 4063 usque
809 3980 841 4043 in
872 3978 976 4042 medio
1007 3976 1144 4061 syllabis
1170 3978 1301 4042 duabus:

162 4107 242 4169 quas
266 4084 484 4168 perforatione
514 4085 623 4172 aliqua
651 4087 728 4151 olim
757 4086 878 4151 deletas
907 4085 1006 4150 fuisse
1033 4107 1072 4150 1ο
1098 4085 1220 4149 rectius
1242 4107 1301 4150 cer·

251 4343 276 4409 *)
295 4343 388 4410 Atque
407 4342 430 4397 si
449 4359 528 4398 versu
549 4349 599 4397 971
621 4345 781 4412 panratobo
804 4346 871 4409 (uon
885 4342 1054 4410 penatores)
1079 4357 1149 4396 vera
1169 4343 1300 4411 scriptura

161 4423 211 4492 sit,
229 4423 358 4477 lacunam
378 4424 470 4494 potius
490 4424 667 4478 statuendam
687 4440 748 4478 esse
767 4421 957 4478 concesserim.
