2948 5594
575 754 778 811 arceamus

601 915 753 970 Nrcouvuva

937 989 1019 1065 Quid
1044 990 1104 1055 fit?

599 1074 752 1129 Cuurmava

1104 1150 1206 1233 Euge.

600 1235 755 1290 Nrcouvuva

100 1322 200 1407 Quid,
223 1324 308 1407 quod
334 1328 366 1388 le
390 1324 479 1407 misi,
503 1324 617 1408 ecquid
642 1326 760 1410 egisti?

600 1464 754 1519 Cuursuuva

735 1555 833 1639 Ham,
857 1560 976 1643 rogas?
999 1558 1202 1643 congredere.

600 1679 755 1732 Nicoaruva

1010 1753 1156 1818 Gradior.
1199 1771 1252 1820 980

598 1837 755 1892 Ouarauura

105 1910 268 2011 Optumus
293 1950 364 1993 eum
384 1930 505 1993 oratdr:
531 1929 569 1992 ad
590 1929 750 1993 lacrumas
769 1929 932 1994 homiuem
953 1932 1042 2016 coegi
1063 1933 1252 2015 castigando

103 2033 255 2118 Mileqae
278 2035 387 2119 dictis,
410 2039 492 2118 quac
516 2037 644 2120 quidem
669 2038 757 2120 quiui
781 2039 980 2103 cdumiuisci.

600 2175 754 2229 Nrcouvuvs

979 2250 1061 2326 Quid
1086 2253 1153 2317 aii?

600 2334 756 2389 Cuarauuve

1107 2411 1251 2478 Verbum

102 2514 239 2579 Nullum
255 2514 344 2579 lecit:
359 2515 541 2579 lierumans
557 2515 676 2579 tacitus
692 2516 898 2582 auscultabat
912 2538 995 2601 quae
1010 2521 1070 2602 ego
1081 2517 1253 2601 loquebar:

105 2621 237 2686 Ticitus
261 2620 455 2706 conscripsit
478 2621 632 2687 tabellas:
655 2622 845 2707 dbsiguatas
870 2625 913 2688 mi
937 2623 997 2688 has
1022 2625 1118 2690 dedii

102 2726 180 2791 'l'r‘bi
191 2751 242 2793 me
254 2728 352 2793 iussit
361 2727 445 2793 dire.
469 2728 523 2792 sed
535 2733 644 2793 metuo
654 2731 695 2793 ue
706 2729 789 2793 idem
802 2732 940 2813 cautent,
949 2730 1034 2813 qudd
1046 2731 1176 2812 priorea
1200 2747 1252 2796 985

104 2833 210 2898 Nosce
235 2836 376 2920 signum:
400 2840 491 2900 esiue
515 2836 605 2900 eius?

600 2965 756 3021 Nrcorrvuva

598 3056 699 3122 Noui:
723 3058 814 3122 lubet
832 3059 995 3142 perlegere
1016 3059 1082 3123 hae.

599 3177 756 3233 Cuaruuura

1110 3254 1252 3348 Perlege.

105 3430 267 3499 Spenaeliaa
291 3428 542 3494 ‘Reformoaraclri’
564 3445 594 3497 p.
615 3432 668 3483 345
692 3429 759 3482 dare
783 3430 918 3483 lllaallero
937 3431 1053 3487 Naclrir.
1073 3449 1103 3500 p.
1124 3438 1157 3486 51
1178 3433 1251 3489 Rea.

103 3527 129 3563 u.
148 3515 209 3565 229
228 3514 402 3579 comparante
478 3507 608 3563 uicobole
628 3508 690 3561 ΓΖ
765 3507 846 3562 CHR.
867 3510 953 3579 Euge.
973 3509 1041 3565 NIC.
1062 3514 1171 3567 addida
1191 3513 1253 3567 Rii-

102 3590 218 3643 uraeiiua
233 3591 375 3656 (lacunam
389 3590 547 3658 signaverat
562 3588 769 3656 Hemonam.-
788 3607 839 3645 om.
855 3592 921 3645 libri
984 3591 1006 3643 0
1023 3591 1167 3660 Nicobule‚
1187 3593 1254 3660 quid

103 3670 154 3724 fil?
174 3670 244 3725 Nic.
265 3669 338 3735 Quid
357 3670 407 3724 fii?
435 3668 581 3737 Usaiayias
653 3675 713 3724 980.
734 3669 807 3735 Quid
827 3672 900 3739 quod
919 3670 1018 3724 ΒΓΖ.
1045 3672 1118 3736 Quid
1136 3673 1203 3740 quid
1224 3674 1253 3729 C.

105 3749 250 3817 Quidquid
269 3751 299 3803 D
371 3767 403 3804 ec
423 3748 490 3817 quid
510 3748 607 3803 ΒΕΖ.
627 3751 717 3823 hech
733 3751 770 3805 D.
789 3750 841 3823 hec
861 3751 899 3818 qd
920 3752 943 3803 Ο
1015 3751 1111 3822 egisti]
1133 3752 1252 3820 cogietiu

106 3830 133 3882 Ζ
211 3831 276 3884 hem
296 3831 359 3885 add.
379 3829 562 3884 Riiaclaelias:
581 3847 630 3885 om.
650 3833 717 3885 libri
806 3829 920 3898 gradior
939 3830 1068 3885 ΘΒΜ.
1089 3830 1255 3898 congredior

106 3908 129 3975 ri
148 3911 299 3977 inlitora)
319 3911 515 3975 Remmiam
534 3928 552 3963 a
570 3911 695 3965 Bentleio
713 3911 744 3962 ia
763 3911 873 3963 Pharin.
901 3908 969 3974 1⁷6,
990 3916 1025 3962 12
1097 3914 1156 3962 981.
1173 3909 1250 3977 Opti·

107 4006 169 4043 mue
188 3989 250 4043 ΓΖ
320 3989 357 4043 ad
375 3990 515 4044 lacrumae
534 3990 675 4045 hominem
696 3991 775 4057 coegi
795 3989 961 4056 castigando
980 3990 1086 4056 scripsi.
1108 3989 1145 4042 ad
1165 3990 1253 4042 lacru-

104 4085 165 4123 mae
184 4070 265 4139 coegi
283 4070 426 4125 hominem
450 4070 615 4139 castigando
635 4070 715 4133 libri,
733 4071 790 4123 aiei
808 4071 881 4137 qaod
898 4069 1039 4122 lacrumae
1060 4067 1093 4133 C,
1116 4069 1255 4122 lucromas

102 4149 146 4202 D¹
168 4154 200 4211 (a
224 4166 286 4219 rap.
309 4169 328 4204 u
351 4151 415 4205 add.
440 4151 509 4216 D³)‚
538 4150 699 4218 lachrymae
723 4150 754 4204 Z.
779 4149 919 4203 homiuem
944 4149 979 4202 ad
1007 4149 1144 4201 lacrumae
1173 4149 1254 4217 coegi

104 4230 268 4300 castigando
293 4229 467 4284 Riiuclaelias.
492 4228 635 4283 homiuem
658 4230 692 4282 ad
717 4229 857 4283 lacrumae
881 4228 1046 4296 castigando
1071 4228 1155 4296 adegi
1183 4229 1256 4283 Her-

102 4326 223 4364 marmaa
326 4317 386 4365 982.
408 4308 507 4383 quei)
607 4307 738 4377 equidem
761 4309 797 4375 F,
823 4309 984 4376 Speaacliaa
1004 4307 1253 4375 ‘Reformcoraclrl'

98 4409 129 4460 p.
149 4395 217 4446 345.-
245 4391 280 4457 εἰ.
299 4392 438 4445 Laclsiaa
465 4391 565 4444 Camm.
585 4406 659 4459 pros.
685 4390 705 4440 Ι
724 4407 753 4457 p.
778 4394 815 4442 23
924 4388 1097 4442 comminisci
1121 4389 1254 4443 BDFZ.

104 4471 223 4524 criminis
243 4470 269 4523 ci
289 4472 389 4537 (altera
409 4489 423 4524 c
442 4488 475 4524 ex
494 4476 522 4536 e)
542 4471 565 4524 Ο
643 4476 704 4524 983.
723 4469 900 4536 lachrymam
921 4469 946 4520 Z
1026 4469 1205 4524 auscultabat
1223 4488 1256 4524 ecc

102 4551 199 4606 autcul
218 4549 302 4603 tabat
319 4550 356 4603 Ι).
376 4548 573 4603 aucacultabat
591 4550 618 4602 B
700 4567 753 4617 quc
774 4548 830 4602 01)
911 4554 971 4603 984.
996 4549 1174 4619 obsignatae]
1193 4557 1257 4603 arria

101 4631 112 4684 i
137 4648 240 4687 raaara
267 4632 298 4684 ia
324 4630 352 4682 B
458 4628 528 4682 mihi
552 4629 603 4683 has
627 4630 705 4683 dedii
732 4631 804 4682 libri.
835 4629 885 4681 has
915 4628 995 4683 dedii
1021 4629 1072 4682 mi·
1091 4629 1257 4682 Riisclrelias

99 4717 250 4780 praecunia
272 4711 416 4764 Acidalio:
440 4712 475 4775 cf.
495 4709 601 4778 Proleg.
627 4710 704 4763 Tria.
720 4727 750 4777 p.
772 4706 896 4761 CCXOI.
917 4708 987 4762 mihi
1007 4709 1057 4761 has
1078 4705 1167 4759 dedit:
1191 4706 1255 4759 dein

103 4791 286 4846 Harmanaao
372 4790 422 4845 hae
441 4788 520 4844 dedit
538 4789 607 4842 mihi
627 4789 789 4857 obsignatas
810 4788 927 4841 Bolhiras
1017 4793 1076 4840 985.
1097 4784 1207 4838 neidem
1226 4786 1255 4837 D

177 4876 239 4926 986.
259 4873 304 4923 eat
322 4886 357 4923 ue
376 4870 439 4924 BD
511 4868 582 4922 libet
601 4869 666 4922 libri
756 4866 952 4937 perlegerebas
973 4868 996 4921 0

164 4969 261 5008 Puuvrr
277 4968 417 5008 Bracarum
1027 4956 1043 5002 8
