2948 5594
10 39 1212 422 a

95 819 136 875 lv
154 827 180 890 s,
200 826 269 876 s-s
565 822 768 880 nsccfflnes
1181 825 1240 890 107

94 982 186 1049 Mille
209 1007 282 1051 cum
304 1009 441 1053 numero
464 987 599 1053 nduium
623 987 757 1054 decumo
781 987 865 1054 inno
888 991 965 1074 post
987 989 1196 1077 subegerunt:

93 1089 171 1157 Non
188 1091 325 1178 pedibus
340 1095 501 1160 tesmenti
515 1093 591 1181 fuit,
609 1097 799 1182 praecligo
818 1118 909 1161 erum
927 1098 1120 1182 expugnabit
1135 1118 1243 1162 meum

94 1195 171 1264 Sine
194 1199 298 1266 clisse
321 1201 455 1286 sineque
478 1203 619 1268 exercitu
643 1207 675 1268 et
698 1203 790 1269 tinto
813 1225 947 1269 numero
970 1200 1122 1270 militum.
1190 1221 1243 1271 930

96 1302 203 1392 [Oepi‚
225 1307 410 1394 expugnsni
433 1309 557 1374 aminli
581 1309 652 1375 erili
675 1306 746 1375 fflio
770 1333 884 1376 surum
907 1311 949 1376 sb
973 1312 1031 1375 sud
1055 1313 1170 1396 petre]

95 1411 191 1478 Nunc
218 1411 432 1500 priusquam
460 1416 524 1482 huc
552 1418 663 1483 noster
686 1419 783 1482 senex
810 1418 914 1503 uenit,
941 1418 1032 1483 lubet
1059 1417 1245 1502 limentsri,

947 1525 1023 1590 dum
1046 1527 1148 1591 exest.

96 1625 261 1712 OTrdis,
289 1629 453 1716 epatris,
481 1653 500 1696 ο
523 1629 734 1718 Pergamum:
769 1653 787 1696 o
810 1628 953 1717 Priame,
980 1629 1109 1717 periisti
1134 1652 1241 1716 senex,

166 1863 227 1913 929.
251 1858 351 1914 Festus
369 1875 400 1929 p.
426 1864 494 1915 363:
517 1861 723 1916 termentum
741 1878 792 1930 pro
815 1877 848 1916 eo
873 1861 949 1930 quod
972 1878 1045 1917 nunc
1068 1860 1172 1916 dicitur
1195 1863 1243 1918 de·

95 1937 260 1994 trimenium
285 1938 373 1994 utitur
391 1939 536 1995 Plautus
555 1939 585 1993 in
609 1938 848 1994 Bacchidibus.
872 1940 908 2006 es.
929 1941 1011 1996 Paul.
1035 1958 1062 2011 p.
1082 1945 1152 1997 362:
1175 1943 1244 1996 ter·

97 2021 248 2073 mentum
266 2019 342 2089 spud
361 2019 520 2075 Plautum
539 2020 740 2076 detrimentum
825 2020 937 2075 Glosscs
959 2037 1028 2090 quas
1050 2022 1103 2075 lmc
1124 2027 1245 2090 spectare

93 2105 178 2170 putet
192 2099 318 2155 Loesius
332 2099 430 2156 Procli.
445 2117 476 2170 p.
491 2105 549 2157 265
569 2102 649 2157 aliter
663 2102 781 2170 explico:
800 2102 835 2169 cf.
857 2101 1009 2170 Woelfflini
1023 2101 1123 2156 Arellii
1140 2102 1192 2158 ccl.
1206 2101 1247 2155 11

171 2392 231 2442 928.
259 2400 371 2453 mnu,
397 2386 462 2441 deiri
484 2401 534 2440 suc
559 2385 617 2440 lucc
639 2398 1125 2442 uscunoxxuososnsusncnuuuc
1150 2387 1248 2442 litteris

95 2468 188 2522 iners
203 2468 304 2536 primis
322 2473 346 2521 et
364 2467 460 2535 quieto
477 2467 619 2535 tribusque
636 2467 743 2520 ultimis
761 2467 951 2520 incertissimis
968 2465 997 2520 A
1082 2465 1161 2521 Mille
1181 2484 1243 2522 cum

97 2545 266 2602 BODFZ:
289 2547 323 2615 cs.
343 2546 525 2601 Bueclelsrms
543 2548 576 2600 de
599 2546 664 2601 decl.
686 2546 793 2615 12992.
820 2545 894 2600 Milli
913 2562 976 2599 cum
995 2545 1187 2602 Hermemrus:
1210 2548 1245 2614 ef.

97 2628 189 2682 Lucil.
201 2627 254 2681 IX
263 2630 300 2682 65
314 2628 355 2681 ed.
367 2626 410 2680 M.
425 2625 571 2681 Millenum
587 2625 768 2680 Camerarius.
783 2624 820 2681 Et
833 2624 912 2679 mille
927 2642 988 2680 cmm
1001 2625 1121 2682 Beclerc
1136 2628 1244 2697 Quaeri.

93 2707 333 2778 seleseiensis.
342 2705 411 2761 Cum
421 2706 498 2761 mille
507 2706 643 2776 Berytius
653 2706 750 2775 Opmsc.
759 2707 813 2775 110.
821 2709 885 2773 674,
898 2706 1051 2777 Ussimqius,
1064 2707 1248 2776 Kiesslirmr'cs

98 2790 116 2844 l.
135 2804 157 2842 s.
176 2803 197 2842 s.
252 2790 317 2857 post
336 2804 384 2842 crs.
406 2787 433 2840 Ζ
496 2792 555 2842 929.
575 2787 928 2853 nouenumusnnsuslhis
941 2788 1060 2855 quinque
1083 2787 1181 2841 litteris
1200 2789 1247 2842 ud-

96 2869 207 2923 mcdum
221 2867 493 2934 duliiemnouuxnrs·
511 2873 569 2922 ets
588 2868 770 2922 incertissima
789 2868 1134 2935 lectiore)1³nss(qmcttucr
1150 2869 1248 2922 litteris

95 2944 696 3017 perdullisluuusonnuusnxsususnounis
716 2947 742 3001 A
816 2947 879 3002 Non
898 2947 1017 3018 pedibus
1036 2950 1175 3003 termento
1196 2948 1250 3002 fuit

98 3023 181 3082 aliter
199 3032 280 3096 atque
298 3028 417 3082 Bctlims
434 3029 572 3097 explicare
589 3031 711 3084 conabar
735 3029 890 3097 ll'oelsslim'
907 3028 991 3083 Arcls.
1010 3030 1061 3083 col.
1081 3029 1121 3082 11
1134 3045 1164 3098 p.
1184 3033 1249 3083 338.

99 3106 163 3162 Non
182 3106 301 3177 pedibus
319 3111 345 3173 (l
363 3107 469 3176 pelides
487 3125 548 3177 sup.
566 3125 618 3162 ser.
639 3107 768 3163 B²0D²:
787 3108 894 3177 pelides
914 3109 945 3161 in
959 3112 1086 3163 contestu
1103 3108 1173 3173 ΡΖ)
1193 3110 1248 3162 tor·

98 3189 194 3242 mento
208 3186 264 3241 fuit
280 3189 521 3258 (tormenlovruii
541 3189 574 3257 0)
593 3189 659 3242 libri
675 3194 785 3256 praeter
799 3189 833 3242 A.
853 3188 918 3241 Non
937 3187 1016 3256 peius
1035 3189 1173 3242 termento
1192 3187 1249 3242 ruit

98 3269 275 3336 Remmium,
288 3269 426 3323 termento
438 3285 499 3323 cmm
510 3269 593 3323 Festo
603 3269 719 3323 ducibus
729 3268 857 3335 Omicme,
869 3268 985 3323 Ocmtero
994 3268 1064 3323 Nou.
1080 3270 1136 3323 lect.
1149 3269 1169 3320 I
1170 3269 1190 3320 I
1191 3270 1210 3321 I
1220 3275 1248 3334 8,

100 3348 238 3403 Lambim
261 3354 286 3403 et
308 3349 388 3418 peius
411 3365 473 3404 cmm
491 3350 688 3418 Kampmanmc
707 3349 740 3402 cle
763 3349 816 3403 rel).
840 3349 896 3402 mil.
913 3366 942 3416 p.
963 3353 1006 3403 40.
1034 3365 1086 3418 pro
1109 3349 1248 3403 termento

98 3430 158 3484 cod.
181 3446 224 3497 pr.
249 3428 428 3497 Selebimqeri
452 3432 615 3485 ornamento
639 3425 730 3493 lebet}
758 3431 818 3482 tem
842 3431 1005 3483 ornamento
1029 3430 1147 3484 eiusdem
1166 3430 1250 3483 codes

98 3526 150 3564 sec.
170 3509 234 3562 Non
253 3508 332 3578 peius
355 3511 526 3564 termentum
549 3510 602 3565 hcc
620 3509 676 3563 fuil
693 3509 907 3564 Bruclcmanmms
926 3508 943 3562 l.
962 3525 982 3563 s.
1003 3525 1023 3563 s.
1054 3510 1116 3563 Non
1135 3508 1248 3578 penitus

99 3590 240 3644 termento
259 3588 314 3643 fuit
332 3590 517 3659 Kiesslimyius
536 3590 553 3643 l.
572 3606 593 3643 s.
612 3605 633 3643 s.
657 3590 716 3642 alic
733 3587 815 3654 (Non
834 3588 953 3658 proinde
973 3589 1002 3643 id
1021 3590 1062 3644 cel
1081 3590 1144 3643 Non
1163 3606 1249 3658 equos
1327 3592 1332 3601 '

101 3669 139 3723 iis
162 3669 204 3723 vel
227 3666 316 3723 Nemo
340 3668 416 3736 ibus)
438 3674 551 3739 amplat
578 3670 730 3738 Uestricius.
759 3667 822 3723 Non
846 3668 1002 3738 Phrygibus
1030 3671 1169 3724 termento
1192 3668 1248 3724 fuit

102 3748 232 3804 Oeneius
246 3755 309 3803 teste
327 3749 454 3819 Ussimyio
518 3767 567 3822 pre
581 3753 613 3803 ut
627 3752 663 3808 B.
678 3752 761 3818 prout
776 3750 836 3804 ΡΖ
904 3750 935 3803 V.
950 3756 1006 3804 930
1019 3767 1056 3818 sq.
1072 3752 1250 3818 interpolatos

99 3830 169 3884 dicit
188 3829 402 3883 Braelcmcrmus
419 3846 447 3898 p.
467 3833 521 3882 109
575 3834 634 3882 930.
655 3843 1249 3898 suxucnsssnssuns-exesusuusnuxuns-

101 3923 372 3977 nunnsouxmun
390 3908 417 3963 A
490 3907 556 3962 Sine
575 3909 659 3963 armis
678 3909 854 3979 Auspccliss
869 3927 900 3980 p.
916 3915 951 3963 43
1025 3909 1167 3962 exercilud
1186 3910 1248 3964 liit-

100 3990 218 4044 sclsrlims
236 3989 307 4042 Nou.
327 4005 384 4043 esc.
399 4005 429 4058 p.
449 3994 487 4043 78
577 3989 686 4043 ettenlo
705 3990 742 4044 D.
770 3992 854 4058 atque
873 3994 953 4043 tanto
973 4005 1041 4047 cerr,
1062 3989 1093 4041 im
1111 3990 1139 4043 B
1159 3990 1250 4043 Cante-

99 4071 198 4124 rerius
275 4067 409 4139 militum]
429 4067 544 4122 nauium
562 4069 749 4137 Kressliusims
840 4075 899 4124 931.
921 4081 1250 4123 cumnxeucuxuinnx.

100 4151 250 4216 summus
271 4149 369 4203 litteris
385 4149 680 4217 perdullismsnusun
698 4155 724 4204 et
737 4163 837 4203 eunus
856 4152 888 4202 in
905 4150 959 4215 fine
973 4149 1000 4201 A
1056 4146 1143 4216 Coepi
1157 4149 1252 4202 BDZ

176 4228 239 4283 erili
260 4228 323 4284 01).
343 4228 425 4284 herili
441 4234 552 4297 praeter
572 4229 633 4284 ΡΖ
650 4247 716 4284 raro
733 4231 855 4299 exemplo
874 4231 955 4284 etiam
975 4230 1002 4284 B
1076 4234 1136 4284 932.
1156 4241 1249 4284 uuus-

101 4322 281 4372 smusuusn
299 4310 365 4364 dein
387 4310 584 4364 incertissimus
608 4311 741 4380 reliquiae
764 4311 918 4364 litterarum
941 4322 1202 4365 nuesnunxusuxn
1221 4314 1252 4365 ut

102 4390 223 4457 uidetm,
242 4395 266 4443 ct
284 4391 316 4444 iri
334 4392 389 4457 firm
407 4403 579 4444 nunnxnss
599 4390 626 4443 A
690 4388 767 4459 prius
783 4407 867 4458 quum
886 4391 940 4444 huc
958 4391 1054 4445 noster
1073 4407 1156 4445 senex
1174 4388 1253 4445 uenit

103 4472 567 4539 Braclmemmusl.s.s.p.109.
597 4469 675 4539 prius
694 4488 779 4539 quem
799 4471 853 4524 huc
873 4487 956 4524 senex
976 4470 1055 4524 uenil
1073 4471 1146 4525 libri.
1176 4470 1253 4539 prius

102 4570 189 4621 quem
208 4553 263 4605 huc
282 4567 365 4606 senex
383 4554 480 4606 noster
498 4550 576 4605 uenit
599 4551 829 4605 Wilcmcwitzims
848 4557 910 4605 teste
930 4551 1113 4621 Kiesslimyic,
1132 4553 1180 4620 qui
1194 4552 1252 4617 ipse

101 4634 137 4688 de
155 4633 210 4687 huc
230 4631 394 4701 priusquam
415 4634 498 4685 senex
517 4633 690 4699 ccqiteverat.
715 4630 771 4684 huc
789 4630 866 4699 prius
886 4647 971 4698 quem
990 4645 1073 4684 senex
1093 4630 1172 4683 uenit
1190 4628 1252 4681 Rit-

104 4713 230 4767 schelius.
250 4711 326 4781 prius
345 4728 428 4780 quam
448 4710 503 4765 huc
521 4710 568 4765 hic
588 4728 672 4766 senex
690 4709 769 4764 uenit
789 4710 939 4764 Muellerus
957 4712 1072 4766 Ncclstr.
1092 4726 1120 4777 p.
1140 4711 1196 4762 123

104 4792 177 4847 libet
194 4790 350 4845 BODFZ
420 4809 453 4846 ex
473 4795 520 4845 eat
539 4793 566 4845 B
639 4797 698 4846 933.
719 4801 1156 4863 onnoxxussumxonssexuun
1175 4789 1207 4840 irc
1225 4786 1253 4841 A

104 4874 160 4941 leci
170 4873 265 4941 potuit
319 4870 435 4925 Percme
450 4871 641 4926 Fleckeiserms
654 4870 754 4926 Emere.
771 4886 800 4939 p.
816 4874 860 4935 42,
880 4870 952 4924 Nec.
965 4869 1060 4923 annul.
1076 4869 1127 4921 eol.
1141 4867 1256 4923 XCIII

103 4955 145 5017 (a.
166 4956 255 5019 1866)
278 4968 307 5020 p.
327 4954 346 5004 8
365 4952 444 5006 adm:
469 4953 503 5019 cs.
523 4951 689 5007 Ritsclelius
710 4951 808 5019 Opmsc.
832 4951 883 5005 ccl.
903 4951 946 5003 ΙΙ
960 4965 989 5018 p.
1008 4951 1063 5002 497
1082 4949 1147 5003 adm.
