<?xml version="1.0" encoding="UTF-8"?>
<!DOCTYPE html PUBLIC "-//W3C//DTD XHTML 1.0 Transitional//EN"
    "http://www.w3.org/TR/xhtml1/DTD/xhtml1-transitional.dtd">
<html xmlns="http://www.w3.org/1999/xhtml" xml:lang="en" lang="en">
 <head>
  <title>
</title>
<meta http-equiv="Content-Type" content="text/html;charset=utf-8" />
  <meta name='ocr-system' content='tesseract 3.04.00' />
  <meta name='ocr-capabilities' content='ocr_page ocr_carea ocr_par ocr_line ocrx_word'/>
</head>
<body>
  <div class='ocr_page' id='page_1' title='image "./tmacciplauticom03schgoog_0485.png"; bbox 0 0 2948 5594; ppageno 0'>
   <div class='ocr_carea' id='block_1_1' title="bbox 157 816 838 887">
    <p class='ocr_par' dir='ltr' id='par_1_1' title="bbox 157 816 838 887">
     <span class='ocr_line' id='line_1_1' title="bbox 157 816 838 887; baseline 0 -16"><span class='ocrx_word' id='word_1_1' title='bbox 157 818 199 872; x_wconf 82' lang='lat'>111</span> <span class='ocrx_word' id='word_1_2' title='bbox 219 825 245 887; x_wconf 84' lang='lat' dir='ltr'>c,</span> <span class='ocrx_word' id='word_1_3' title='bbox 266 823 372 872; x_wconf 72' lang='lat'>10—16</span> <span class='ocrx_word' id='word_1_4' title='bbox 635 816 838 873; x_wconf 77' lang='grc'>55555555</span> 
     </span>
    </p>
   </div>
   <div class='ocr_carea' id='block_1_2' title="bbox 644 976 824 1034">
    <p class='ocr_par' dir='ltr' id='par_1_2' title="bbox 644 976 824 1034">
     <span class='ocr_line' id='line_1_2' title="bbox 644 976 824 1034; baseline 0.017 -4"><span class='ocrx_word' id='word_1_5' title='bbox 644 976 824 1034; x_wconf 75' lang='lat' dir='ltr'>Praroceruve</span> 
     </span>
    </p>
   </div>
   <div class='ocr_carea' id='block_1_3' title="bbox 159 1052 277 1117">
    <p class='ocr_par' dir='ltr' id='par_1_3' title="bbox 159 1052 277 1117">
     <span class='ocr_line' id='line_1_3' title="bbox 159 1052 277 1117; baseline 0.008 -1"><span class='ocrx_word' id='word_1_6' title='bbox 159 1052 277 1117; x_wconf 81' lang='lat' dir='ltr'>Vnde?</span> 
     </span>
    </p>
   </div>
   <div class='ocr_carea' id='block_1_4' title="bbox 254 1140 1311 1315">
    <p class='ocr_par' dir='ltr' id='par_1_4' title="bbox 254 1140 1311 1315">
     <span class='ocr_line' id='line_1_4' title="bbox 642 1140 831 1194; baseline -0.005 -1"><span class='ocrx_word' id='word_1_7' title='bbox 642 1140 831 1194; x_wconf 76' lang='lat' dir='ltr'>Mueemocnre</span> 
     </span>
     <span class='ocr_line' id='line_1_5' title="bbox 254 1229 1311 1315; baseline 0.001 -21"><span class='ocrx_word' id='word_1_8' title='bbox 254 1229 306 1295; x_wconf 85' lang='lat' dir='ltr'>Ab</span> <span class='ocrx_word' id='word_1_9' title='bbox 321 1230 453 1296; x_wconf 87' lang='lat' dir='ltr'>homine</span> <span class='ocrx_word' id='word_1_10' title='bbox 467 1232 563 1315; x_wconf 71' lang='lat' dir='ltr'>quem</span> <span class='ocrx_word' id='word_1_11' title='bbox 578 1231 623 1295; x_wconf 90' lang='lat' dir='ltr'>mi</span> <span class='ocrx_word' id='word_1_12' title='bbox 634 1232 772 1296; x_wconf 83' lang='lat' dir='ltr'>amicum</span> <span class='ocrx_word' id='word_1_13' title='bbox 783 1252 853 1295; x_wconf 88' lang='grc'>5555</span> <span class='ocrx_word' id='word_1_14' title='bbox 867 1230 1043 1296; x_wconf 74' lang='lat' dir='ltr'>irbitrctus</span> <span class='ocrx_word' id='word_1_15' title='bbox 1059 1253 1130 1295; x_wconf 82' lang='lat' dir='ltr'>eum</span> <span class='ocrx_word' id='word_1_16' title='bbox 1146 1230 1311 1296; x_wconf 75' lang='lat' dir='ltr'>intidhae.</span> 
     </span>
    </p>
   </div>
   <div class='ocr_carea' id='block_1_5' title="bbox 159 1352 1307 1957">
    <p class='ocr_par' dir='ltr' id='par_1_5' title="bbox 159 1352 1307 1957">
     <span class='ocr_line' id='line_1_6' title="bbox 644 1352 822 1408; baseline 0 -2"><span class='ocrx_word' id='word_1_17' title='bbox 644 1352 822 1408; x_wconf 76' lang='lat' dir='ltr'>Pmocauuve</span> 
     </span>
     <span class='ocr_line' id='line_1_7' title="bbox 159 1441 1307 1530; baseline -0.001 -22"><span class='ocrx_word' id='word_1_18' title='bbox 159 1444 259 1508; x_wconf 75' lang='lat' dir='ltr'>Malli</span> <span class='ocrx_word' id='word_1_19' title='bbox 273 1465 362 1510; x_wconf 89' lang='lat' dir='ltr'>more</span> <span class='ocrx_word' id='word_1_20' title='bbox 375 1442 440 1509; x_wconf 80' lang='lat' dir='ltr'>isto</span> <span class='ocrx_word' id='word_1_21' title='bbox 455 1444 552 1529; x_wconf 76' lang='lat' dir='ltr'>itque</span> <span class='ocrx_word' id='word_1_22' title='bbox 568 1444 715 1530; x_wconf 84' lang='lat' dir='ltr'>exemplo</span> <span class='ocrx_word' id='word_1_23' title='bbox 730 1441 855 1528; x_wconf 84' lang='lat' dir='ltr'>uiuont‚</span> <span class='ocrx_word' id='word_1_24' title='bbox 869 1467 950 1529; x_wconf 86' lang='lat' dir='ltr'>quos</span> <span class='ocrx_word' id='word_1_25' title='bbox 966 1467 1064 1529; x_wconf 91' lang='lat' dir='ltr'>quom</span> <span class='ocrx_word' id='word_1_26' title='bbox 1079 1447 1210 1510; x_wconf 78' lang='grc'>5555555</span> <span class='ocrx_word' id='word_1_27' title='bbox 1256 1461 1307 1508; x_wconf 80' lang='grc'>545</span> 
     </span>
     <span class='ocr_line' id='line_1_8' title="bbox 160 1538 958 1636; baseline 0 -21"><span class='ocrx_word' id='word_1_28' title='bbox 160 1538 245 1616; x_wconf 74' lang='lat' dir='ltr'>Esse</span> <span class='ocrx_word' id='word_1_29' title='bbox 269 1551 403 1635; x_wconf 83' lang='lat' dir='ltr'>amicos,</span> <span class='ocrx_word' id='word_1_30' title='bbox 426 1550 629 1636; x_wconf 74' lang='lat' dir='ltr'>reperiuntur</span> <span class='ocrx_word' id='word_1_31' title='bbox 651 1551 727 1616; x_wconf 77' lang='lat' dir='ltr'>filei</span> <span class='ocrx_word' id='word_1_32' title='bbox 750 1551 958 1635; x_wconf 80' lang='lat' dir='ltr'>fulsimdniis,</span> 
     </span>
     <span class='ocr_line' id='line_1_9' title="bbox 161 1657 997 1742; baseline 0.001 -20"><span class='ocrx_word' id='word_1_33' title='bbox 161 1657 290 1742; x_wconf 83' lang='lat' dir='ltr'>Lingua</span> <span class='ocrx_word' id='word_1_34' title='bbox 312 1658 457 1740; x_wconf 81' lang='lat' dir='ltr'>factidsi,</span> <span class='ocrx_word' id='word_1_35' title='bbox 479 1658 598 1722; x_wconf 84' lang='lat' dir='ltr'>inertes</span> <span class='ocrx_word' id='word_1_36' title='bbox 623 1658 735 1741; x_wconf 84' lang='lat' dir='ltr'>6pera,</span> <span class='ocrx_word' id='word_1_37' title='bbox 758 1658 904 1722; x_wconf 81' lang='lat' dir='ltr'>sublestc&#39;</span> <span class='ocrx_word' id='word_1_38' title='bbox 926 1658 997 1723; x_wconf 91' lang='lat' dir='ltr'>fide.</span> 
     </span>
     <span class='ocr_line' id='line_1_10' title="bbox 161 1762 1215 1851; baseline 0.001 -23"><span class='ocrx_word' id='word_1_39' title='bbox 161 1763 282 1828; x_wconf 75' lang='lat' dir='ltr'>Nrillus</span> <span class='ocrx_word' id='word_1_40' title='bbox 306 1767 356 1828; x_wconf 90' lang='lat' dir='ltr'>est</span> <span class='ocrx_word' id='word_1_41' title='bbox 380 1765 457 1848; x_wconf 91' lang='lat' dir='ltr'>quoi</span> <span class='ocrx_word' id='word_1_42' title='bbox 479 1765 545 1828; x_wconf 80' lang='lat' dir='ltr'>non</span> <span class='ocrx_word' id='word_1_43' title='bbox 566 1763 733 1828; x_wconf 86' lang='lat' dir='ltr'>inuideunt</span> <span class='ocrx_word' id='word_1_44' title='bbox 754 1765 823 1828; x_wconf 73' lang='lat' dir='ltr'>rim</span> <span class='ocrx_word' id='word_1_45' title='bbox 843 1764 1014 1829; x_wconf 82' lang='lat' dir='ltr'>secundam</span> <span class='ocrx_word' id='word_1_46' title='bbox 1037 1762 1215 1851; x_wconf 71' lang='lat' dir='ltr'><strong>optingere.</strong></span> 
     </span>
     <span class='ocr_line' id='line_1_11' title="bbox 163 1869 1105 1957; baseline 0.002 -23"><span class='ocrx_word' id='word_1_47' title='bbox 163 1869 248 1952; x_wconf 84' lang='lat' dir='ltr'>[Sibi</span> <span class='ocrx_word' id='word_1_48' title='bbox 271 1893 312 1934; x_wconf 90' lang='lat' dir='ltr'>ne</span> <span class='ocrx_word' id='word_1_49' title='bbox 335 1870 518 1935; x_wconf 84' lang='lat' dir='ltr'>inuideatur</span> <span class='ocrx_word' id='word_1_50' title='bbox 540 1870 604 1957; x_wconf 86' lang='lat' dir='ltr'>ipei</span> <span class='ocrx_word' id='word_1_51' title='bbox 626 1870 738 1955; x_wconf 80' lang='lat' dir='ltr'>ignaui</span> <span class='ocrx_word' id='word_1_52' title='bbox 760 1874 848 1935; x_wconf 88' lang='lat' dir='ltr'>recte</span> <span class='ocrx_word' id='word_1_53' title='bbox 869 1873 1006 1952; x_wconf 81' lang='lat' dir='ltr'>acuent]</span> <span class='ocrx_word' id='word_1_54' title='bbox 1103 1871 1105 1875; x_wconf 73' lang='grc'><strong>’</strong></span> 
     </span>
    </p>
   </div>
   <div class='ocr_carea' id='block_1_6' title="bbox 162 1989 1310 2160">
    <p class='ocr_par' dir='ltr' id='par_1_6' title="bbox 162 1989 1310 2160">
     <span class='ocr_line' id='line_1_12' title="bbox 175 1989 831 2073; baseline 0.011 -35"><span class='ocrx_word' id='word_1_55' title='bbox 175 2057 184 2073; x_wconf 40' lang='grc' dir='ltr'><strong><em>Ι</em></strong></span> <span class='ocrx_word' id='word_1_56' title='bbox 640 1989 831 2047; x_wconf 79' lang='lat' dir='ltr'>Mueamoouve</span> 
     </span>
     <span class='ocr_line' id='line_1_13' title="bbox 162 2074 1310 2160; baseline 0 -20"><span class='ocrx_word' id='word_1_57' title='bbox 162 2074 288 2160; x_wconf 82' lang='lat' dir='ltr'>Edepol</span> <span class='ocrx_word' id='word_1_58' title='bbox 311 2097 352 2139; x_wconf 89' lang='lat' dir='ltr'>ne</span> <span class='ocrx_word' id='word_1_59' title='bbox 375 2079 410 2138; x_wconf 86' lang='lat' dir='ltr'>tu</span> <span class='ocrx_word' id='word_1_60' title='bbox 433 2075 564 2139; x_wconf 82' lang='lat' dir='ltr'>illdrum</span> <span class='ocrx_word' id='word_1_61' title='bbox 589 2096 694 2139; x_wconf 87' lang='lat' dir='ltr'>mores</span> <span class='ocrx_word' id='word_1_62' title='bbox 717 2077 873 2158; x_wconf 84' lang='lat' dir='ltr'>pe‘rquam</span> <span class='ocrx_word' id='word_1_63' title='bbox 897 2075 1053 2139; x_wconf 79' lang='lat' dir='ltr'>meditate</span> <span class='ocrx_word' id='word_1_64' title='bbox 1076 2077 1176 2140; x_wconf 83' lang='lat' dir='ltr'>tenes.</span> <span class='ocrx_word' id='word_1_65' title='bbox 1258 2092 1310 2141; x_wconf 85' lang='grc'>545</span> 
     </span>
    </p>
   </div>
   <div class='ocr_carea' id='block_1_7' title="bbox 162 2229 1311 2702">
    <p class='ocr_par' dir='ltr' id='par_1_7' title="bbox 162 2229 1311 2702">
     <span class='ocr_line' id='line_1_14' title="bbox 235 2229 1308 2300; baseline 0 -13"><span class='ocrx_word' id='word_1_66' title='bbox 235 2238 296 2287; x_wconf 83' lang='grc'>545.</span> <span class='ocrx_word' id='word_1_67' title='bbox 317 2230 425 2286; x_wconf 71' lang='lat' dir='ltr'>Obarre.</span> <span class='ocrx_word' id='word_1_68' title='bbox 451 2248 480 2300; x_wconf 81' lang='lat' dir='ltr'>p.</span> <span class='ocrx_word' id='word_1_69' title='bbox 504 2235 575 2299; x_wconf 82' lang='grc'>205,</span> <span class='ocrx_word' id='word_1_70' title='bbox 593 2236 625 2286; x_wconf 86' lang='lat'>5:</span> <span class='ocrx_word' id='word_1_71' title='bbox 654 2229 821 2287; x_wconf 83' lang='lat' dir='ltr'>Meditate</span> <span class='ocrx_word' id='word_1_72' title='bbox 844 2230 988 2286; x_wconf 73' lang='lat' dir='ltr'>Plautus</span> <span class='ocrx_word' id='word_1_73' title='bbox 1011 2232 1040 2286; x_wconf 91' lang='lat' dir='ltr'>in</span> <span class='ocrx_word' id='word_1_74' title='bbox 1063 2231 1308 2288; x_wconf 78' lang='lat' dir='ltr'><strong>Bacchidibus:</strong></span> 
     </span>
     <span class='ocr_line' id='line_1_15' title="bbox 163 2311 1309 2382; baseline -0.001 -15"><span class='ocrx_word' id='word_1_75' title='bbox 163 2311 304 2382; x_wconf 80' lang='lat' dir='ltr'>‘edepol</span> <span class='ocrx_word' id='word_1_76' title='bbox 324 2350 331 2366; x_wconf 90' lang='lat'><strong>.</strong></span> <span class='ocrx_word' id='word_1_77' title='bbox 351 2353 357 2366; x_wconf 93' lang='lat'><em>.</em></span> <span class='ocrx_word' id='word_1_78' title='bbox 378 2351 384 2363; x_wconf 94' lang='lat'>.</span> <span class='ocrx_word' id='word_1_79' title='bbox 404 2312 519 2366; x_wconf 79' lang='lat' dir='ltr'>tenea’</span> <span class='ocrx_word' id='word_1_80' title='bbox 550 2311 579 2365; x_wconf 90' lang='lat' dir='ltr'>in</span> <span class='ocrx_word' id='word_1_81' title='bbox 603 2311 769 2380; x_wconf 81' lang='lat' dir='ltr'>quibusdem</span> <span class='ocrx_word' id='word_1_82' title='bbox 793 2328 848 2365; x_wconf 91' lang='lat' dir='ltr'>non</span> <span class='ocrx_word' id='word_1_83' title='bbox 871 2311 979 2367; x_wconf 84' lang='lat' dir='ltr'>ferunt.-</span> <span class='ocrx_word' id='word_1_84' title='bbox 1007 2313 1057 2366; x_wconf 86' lang='lat' dir='ltr'>abi</span> <span class='ocrx_word' id='word_1_85' title='bbox 1083 2312 1113 2366; x_wconf 90' lang='lat' dir='ltr'>in</span> <span class='ocrx_word' id='word_1_86' title='bbox 1141 2311 1309 2381; x_wconf 83' lang='lat' dir='ltr'>quibusdam</span> 
     </span>
     <span class='ocr_line' id='line_1_16' title="bbox 162 2390 1311 2461; baseline 0.001 -15"><span class='ocrx_word' id='word_1_87' title='bbox 162 2409 218 2447; x_wconf 86' lang='lat' dir='ltr'>non</span> <span class='ocrx_word' id='word_1_88' title='bbox 237 2392 365 2447; x_wconf 79' lang='lat' dir='ltr'>teruntur</span> <span class='ocrx_word' id='word_1_89' title='bbox 384 2390 549 2447; x_wconf 82' lang='lat' dir='ltr'>Ritecltelins</span> <span class='ocrx_word' id='word_1_90' title='bbox 570 2392 685 2461; x_wconf 79' lang='lat' dir='ltr'>Parerq.</span> <span class='ocrx_word' id='word_1_91' title='bbox 703 2410 731 2461; x_wconf 84' lang='lat' dir='ltr'>p.</span> <span class='ocrx_word' id='word_1_92' title='bbox 750 2397 819 2460; x_wconf 79' lang='grc'>418,</span> <span class='ocrx_word' id='word_1_93' title='bbox 842 2393 888 2448; x_wconf 86' lang='lat' dir='ltr'>cai</span> <span class='ocrx_word' id='word_1_94' title='bbox 906 2393 1036 2447; x_wconf 76' lang='lat' dir='ltr'>adsensus</span> <span class='ocrx_word' id='word_1_95' title='bbox 1055 2399 1092 2446; x_wconf 82' lang='lat' dir='ltr'>est</span> <span class='ocrx_word' id='word_1_96' title='bbox 1107 2392 1311 2447; x_wconf 82' lang='lat' dir='ltr'>Sindeniandae</span> 
     </span>
     <span class='ocr_line' id='line_1_17' title="bbox 163 2470 1311 2541; baseline 0 -15"><span class='ocrx_word' id='word_1_97' title='bbox 163 2470 339 2541; x_wconf 73' lang='lat' dir='ltr'>‘Feriarum’</span> <span class='ocrx_word' id='word_1_98' title='bbox 359 2488 391 2541; x_wconf 80' lang='lat' dir='ltr'>p.</span> <span class='ocrx_word' id='word_1_99' title='bbox 410 2475 446 2525; x_wconf 89' lang='grc'>40</span> <span class='ocrx_word' id='word_1_100' title='bbox 464 2473 501 2525; x_wconf 90' lang='lat' dir='ltr'>ad</span> <span class='ocrx_word' id='word_1_101' title='bbox 524 2489 549 2525; x_wconf 84' lang='grc' dir='ltr'>υ.</span> <span class='ocrx_word' id='word_1_102' title='bbox 569 2476 714 2527; x_wconf 82' lang='grc'>545-551</span> <span class='ocrx_word' id='word_1_103' title='bbox 737 2473 861 2539; x_wconf 73' lang='lat' dir='ltr'>referens.</span> <span class='ocrx_word' id='word_1_104' title='bbox 887 2473 937 2540; x_wconf 90' lang='lat' dir='ltr'>(ad</span> <span class='ocrx_word' id='word_1_105' title='bbox 954 2490 978 2527; x_wconf 85' lang='lat' dir='ltr'>v.</span> <span class='ocrx_word' id='word_1_106' title='bbox 1003 2476 1148 2527; x_wconf 82' lang='grc'>545-547</span> <span class='ocrx_word' id='word_1_107' title='bbox 1170 2473 1311 2526; x_wconf 83' lang='lat' dir='ltr'>rettulerat</span> 
     </span>
     <span class='ocr_line' id='line_1_18' title="bbox 163 2550 1311 2621; baseline 0.001 -16"><span class='ocrx_word' id='word_1_108' title='bbox 163 2550 338 2607; x_wconf 79' lang='lat' dir='ltr'>Friteecbiae</span> <span class='ocrx_word' id='word_1_109' title='bbox 361 2551 445 2606; x_wconf 88' lang='lat' dir='ltr'>Anal.</span> <span class='ocrx_word' id='word_1_110' title='bbox 466 2552 511 2606; x_wconf 89' lang='lat' dir='ltr'>Pl.</span> <span class='ocrx_word' id='word_1_111' title='bbox 533 2555 572 2618; x_wconf 92' lang='lat' dir='ltr'>(a.</span> <span class='ocrx_word' id='word_1_112' title='bbox 598 2556 683 2621; x_wconf 85' lang='grc'>1846)</span> <span class='ocrx_word' id='word_1_113' title='bbox 701 2569 732 2621; x_wconf 80' lang='lat' dir='ltr'>p.</span> <span class='ocrx_word' id='word_1_114' title='bbox 750 2555 797 2619; x_wconf 82' lang='lat'><em>6).·</em></span> <span class='ocrx_word' id='word_1_115' title='bbox 815 2557 845 2607; x_wconf 87' lang='lat' dir='ltr'>at</span> <span class='ocrx_word' id='word_1_116' title='bbox 867 2553 1012 2607; x_wconf 81' lang='lat' dir='ltr'>reetireinn</span> <span class='ocrx_word' id='word_1_117' title='bbox 1029 2553 1140 2605; x_wconf 84' lang='lat' dir='ltr'>Keiliae</span> <span class='ocrx_word' id='word_1_118' title='bbox 1158 2553 1191 2605; x_wconf 90' lang='lat' dir='ltr'>de</span> <span class='ocrx_word' id='word_1_119' title='bbox 1209 2553 1311 2606; x_wconf 84' lang='lat' dir='ltr'>laeana</span> 
     </span>
     <span class='ocr_line' id='line_1_19' title="bbox 162 2635 296 2702; baseline 0 -16"><span class='ocrx_word' id='word_1_120' title='bbox 162 2635 296 2702; x_wconf 73' lang='lat' dir='ltr'>eoaitaoit</span> 
     </span>
    </p>
   </div>
   <div class='ocr_carea' id='block_1_8' title="bbox 159 2774 1313 5004">
    <p class='ocr_par' dir='ltr' id='par_1_8' title="bbox 160 2774 1313 4608">
     <span class='ocr_line' id='line_1_20' title="bbox 236 2774 1310 2842; baseline 0.001 -13"><span class='ocrx_word' id='word_1_121' title='bbox 236 2774 379 2829; x_wconf 82' lang='lat' dir='ltr'>obiectast</span> <span class='ocrx_word' id='word_1_122' title='bbox 397 2774 425 2830; x_wconf 83' lang='lat'>0.</span> <span class='ocrx_word' id='word_1_123' title='bbox 454 2774 566 2829; x_wconf 85' lang='lat' dir='ltr'>obiecta</span> <span class='ocrx_word' id='word_1_124' title='bbox 585 2775 628 2827; x_wconf 81' lang='lat' dir='ltr'>eet</span> <span class='ocrx_word' id='word_1_125' title='bbox 650 2774 750 2842; x_wconf 78' lang='lat' dir='ltr'>reliqui</span> <span class='ocrx_word' id='word_1_126' title='bbox 767 2791 828 2829; x_wconf 86' lang='lat' dir='ltr'>cam</span> <span class='ocrx_word' id='word_1_127' title='bbox 846 2776 873 2828; x_wconf 88' lang='lat' dir='ltr'><strong><em>A</em></strong></span> <span class='ocrx_word' id='word_1_128' title='bbox 976 2786 1145 2829; x_wconf 71' lang='grc'>55555554</span> <span class='ocrx_word' id='word_1_129' title='bbox 1165 2774 1207 2838; x_wconf 86' lang='lat' dir='ltr'>A,</span> <span class='ocrx_word' id='word_1_130' title='bbox 1232 2775 1310 2830; x_wconf 87' lang='lat' dir='ltr'>Pias.</span> 
     </span>
     <span class='ocr_line' id='line_1_21' title="bbox 165 2853 1310 2910; baseline -0.003 0"><span class='ocrx_word' id='word_1_131' title='bbox 165 2873 310 2910; x_wconf 74' lang='lat' dir='ltr'>acerrume</span> <span class='ocrx_word' id='word_1_132' title='bbox 329 2853 460 2909; x_wconf 83' lang='lat' dir='ltr'><strong><em>BODF.</em></strong></span> <span class='ocrx_word' id='word_1_133' title='bbox 479 2853 614 2909; x_wconf 79' lang='lat' dir='ltr'>acerrime</span> <span class='ocrx_word' id='word_1_134' title='bbox 633 2854 659 2906; x_wconf 89' lang='lat' dir='ltr'><em>Z</em></span> <span class='ocrx_word' id='word_1_135' title='bbox 729 2860 789 2910; x_wconf 84' lang='grc'>539.</span> <span class='ocrx_word' id='word_1_136' title='bbox 809 2854 879 2908; x_wconf 89' lang='lat' dir='ltr'>mihi</span> <span class='ocrx_word' id='word_1_137' title='bbox 899 2856 1080 2910; x_wconf 81' lang='lat' dir='ltr'>librinnnA</span> <span class='ocrx_word' id='word_1_138' title='bbox 1118 2868 1310 2908; x_wconf 77' lang='grc'>5555555555</span> 
     </span>
     <span class='ocr_line' id='line_1_22' title="bbox 163 2934 1312 3003; baseline 0 -15"><span class='ocrx_word' id='word_1_139' title='bbox 163 2938 205 3001; x_wconf 87' lang='lat' dir='ltr'>A,</span> <span class='ocrx_word' id='word_1_140' title='bbox 225 2936 273 2990; x_wconf 80' lang='lat' dir='ltr'>ced</span> <span class='ocrx_word' id='word_1_141' title='bbox 291 2936 390 2989; x_wconf 71' lang='lat' dir='ltr'>litteris</span> <span class='ocrx_word' id='word_1_142' title='bbox 401 2940 511 3003; x_wconf 82' lang='lat' dir='ltr'>praeter</span> <span class='ocrx_word' id='word_1_143' title='bbox 529 2948 575 2987; x_wconf 76' lang='grc'>55</span> <span class='ocrx_word' id='word_1_144' title='bbox 598 2935 744 2988; x_wconf 82' lang='lat' dir='ltr'><strong><em>admodum</em></strong></span> <span class='ocrx_word' id='word_1_145' title='bbox 762 2936 882 2989; x_wconf 80' lang='lat' dir='ltr'>incertis.</span> <span class='ocrx_word' id='word_1_146' title='bbox 906 2935 1048 2988; x_wconf 80' lang='lat' dir='ltr'>cutiacum</span> <span class='ocrx_word' id='word_1_147' title='bbox 1068 2951 1127 2989; x_wconf 84' lang='grc'>5555</span> <span class='ocrx_word' id='word_1_148' title='bbox 1147 2934 1182 2987; x_wconf 89' lang='grc'>1).</span> <span class='ocrx_word' id='word_1_149' title='bbox 1208 2937 1312 2988; x_wconf 77' lang='lat' dir='ltr'>nutricii</span> 
     </span>
     <span class='ocr_line' id='line_1_23' title="bbox 162 3012 1311 3082; baseline -0.007 -8"><span class='ocrx_word' id='word_1_150' title='bbox 162 3021 208 3074; x_wconf 77' lang='lat' dir='ltr'>(aa</span> <span class='ocrx_word' id='word_1_151' title='bbox 228 3015 344 3071; x_wconf 67' lang='lat' dir='ltr'>antidoti</span> <span class='ocrx_word' id='word_1_152' title='bbox 358 3032 461 3069; x_wconf 82' lang='lat' dir='ltr'>raeara</span> <span class='ocrx_word' id='word_1_153' title='bbox 473 3016 591 3082; x_wconf 88' lang='lat' dir='ltr'>saetam)</span> <span class='ocrx_word' id='word_1_154' title='bbox 605 3031 666 3068; x_wconf 84' lang='lat' dir='ltr'>esee</span> <span class='ocrx_word' id='word_1_155' title='bbox 687 3013 710 3067; x_wconf 85' lang='lat'><em>0</em></span> <span class='ocrx_word' id='word_1_156' title='bbox 778 3014 859 3069; x_wconf 83' lang='lat' dir='ltr'>antid</span> <span class='ocrx_word' id='word_1_157' title='bbox 874 3017 927 3069; x_wconf 86' lang='lat' dir='ltr'>hac</span> <span class='ocrx_word' id='word_1_158' title='bbox 943 3014 970 3070; x_wconf 81' lang='lat'>0.</span> <span class='ocrx_word' id='word_1_159' title='bbox 991 3015 1123 3069; x_wconf 85' lang='lat' dir='ltr'>antidhac</span> <span class='ocrx_word' id='word_1_160' title='bbox 1137 3012 1188 3067; x_wconf 71' lang='lat'>12¹.</span> <span class='ocrx_word' id='word_1_161' title='bbox 1207 3013 1311 3081; x_wconf 75' lang='lat' dir='ltr'>anded-</span> 
     </span>
     <span class='ocr_line' id='line_1_24' title="bbox 164 3095 1310 3163; baseline -0.001 -12"><span class='ocrx_word' id='word_1_162' title='bbox 164 3096 218 3151; x_wconf 79' lang='lat' dir='ltr'>hac</span> <span class='ocrx_word' id='word_1_163' title='bbox 233 3114 295 3150; x_wconf 83' lang='lat' dir='ltr'>eam</span> <span class='ocrx_word' id='word_1_164' title='bbox 309 3096 398 3149; x_wconf 73' lang='lat' dir='ltr'>neena</span> <span class='ocrx_word' id='word_1_165' title='bbox 417 3110 469 3163; x_wconf 77' lang='lat' dir='ltr'>qao</span> <span class='ocrx_word' id='word_1_166' title='bbox 486 3096 566 3162; x_wconf 72' lang='lat' dir='ltr'>siano</span> <span class='ocrx_word' id='word_1_167' title='bbox 583 3097 643 3160; x_wconf 79' lang='lat' dir='ltr'>(tr)</span> <span class='ocrx_word' id='word_1_168' title='bbox 656 3110 716 3161; x_wconf 85' lang='lat' dir='ltr'>enp.</span> <span class='ocrx_word' id='word_1_169' title='bbox 736 3113 754 3148; x_wconf 91' lang='lat' dir='ltr'>n</span> <span class='ocrx_word' id='word_1_170' title='bbox 772 3095 808 3149; x_wconf 87' lang='lat' dir='ltr'>B.</span> <span class='ocrx_word' id='word_1_171' title='bbox 828 3098 927 3150; x_wconf 82' lang='lat' dir='ltr'>anteac</span> <span class='ocrx_word' id='word_1_172' title='bbox 945 3099 983 3161; x_wconf 84' lang='lat' dir='ltr'>(et</span> <span class='ocrx_word' id='word_1_173' title='bbox 997 3095 1016 3147; x_wconf 90' lang='lat' dir='ltr'>h</span> <span class='ocrx_word' id='word_1_174' title='bbox 1029 3111 1050 3150; x_wconf 87' lang='grc'>5.</span> <span class='ocrx_word' id='word_1_175' title='bbox 1066 3101 1094 3162; x_wconf 91' lang='grc'>5)</span> <span class='ocrx_word' id='word_1_176' title='bbox 1109 3112 1169 3163; x_wconf 80' lang='lat' dir='ltr'>rap.</span> <span class='ocrx_word' id='word_1_177' title='bbox 1189 3110 1240 3149; x_wconf 84' lang='lat' dir='ltr'>scr.</span> <span class='ocrx_word' id='word_1_178' title='bbox 1261 3096 1310 3150; x_wconf 62' lang='lat' dir='ltr'>Dl.</span> 
     </span>
     <span class='ocr_line' id='line_1_25' title="bbox 162 3173 1311 3245; baseline -0.001 -15"><span class='ocrx_word' id='word_1_179' title='bbox 162 3177 285 3230; x_wconf 79' lang='lat' dir='ltr'>antehac</span> <span class='ocrx_word' id='word_1_180' title='bbox 305 3173 368 3228; x_wconf 70' lang='grc' dir='ltr'>ΓΖ.</span> <span class='ocrx_word' id='word_1_181' title='bbox 394 3176 424 3227; x_wconf 87' lang='lat' dir='ltr'>in</span> <span class='ocrx_word' id='word_1_182' title='bbox 443 3176 470 3227; x_wconf 97' lang='lat' dir='ltr'><strong><em>A</em></strong></span> <span class='ocrx_word' id='word_1_183' title='bbox 489 3174 637 3241; x_wconf 80' lang='lat' dir='ltr'>propriam</span> <span class='ocrx_word' id='word_1_184' title='bbox 659 3176 811 3242; x_wconf 83' lang='lat' dir='ltr'>occupabat</span> <span class='ocrx_word' id='word_1_185' title='bbox 834 3176 885 3232; x_wconf 87' lang='lat' dir='ltr'>boe</span> <span class='ocrx_word' id='word_1_186' title='bbox 906 3193 961 3230; x_wconf 86' lang='lat' dir='ltr'>occ.</span> <span class='ocrx_word' id='word_1_187' title='bbox 983 3192 1102 3230; x_wconf 74' lang='lat' dir='ltr'>caeam:</span> <span class='ocrx_word' id='word_1_188' title='bbox 1130 3177 1175 3229; x_wconf 83' lang='lat' dir='ltr'>sed</span> <span class='ocrx_word' id='word_1_189' title='bbox 1198 3177 1251 3245; x_wconf 81' lang='lat' dir='ltr'>lepi</span> <span class='ocrx_word' id='word_1_190' title='bbox 1269 3177 1311 3229; x_wconf 88' lang='lat' dir='ltr'>nii</span> 
     </span>
     <span class='ocr_line' id='line_1_26' title="bbox 160 3253 1312 3325; baseline -0.002 -15"><span class='ocrx_word' id='word_1_191' title='bbox 160 3257 254 3323; x_wconf 80' lang='lat' dir='ltr'>potnit</span> <span class='ocrx_word' id='word_1_192' title='bbox 329 3255 358 3307; x_wconf 86' lang='lat' dir='ltr'>V.</span> <span class='ocrx_word' id='word_1_193' title='bbox 370 3258 515 3308; x_wconf 72' lang='lat' dir='ltr'>ceo-551</span> <span class='ocrx_word' id='word_1_194' title='bbox 530 3255 587 3307; x_wconf 87' lang='lat' dir='ltr'>iarn</span> <span class='ocrx_word' id='word_1_195' title='bbox 601 3253 806 3309; x_wconf 81' lang='lat' dir='ltr'>Studennmdas</span> <span class='ocrx_word' id='word_1_196' title='bbox 827 3256 983 3325; x_wconf 78' lang='lat' dir='ltr'>‘Fectpraes</span> <span class='ocrx_word' id='word_1_197' title='bbox 998 3274 1036 3309; x_wconf 91' lang='lat' dir='ltr'>an</span> <span class='ocrx_word' id='word_1_198' title='bbox 1050 3256 1094 3309; x_wconf 89' lang='lat' dir='ltr'>die</span> <span class='ocrx_word' id='word_1_199' title='bbox 1113 3254 1312 3323; x_wconf 73' lang='lat' dir='ltr'>Wnerebrnaer</span> 
     </span>
     <span class='ocr_line' id='line_1_27' title="bbox 163 3334 1312 3405; baseline 0 -16"><span class='ocrx_word' id='word_1_200' title='bbox 163 3337 393 3405; x_wconf 74' lang='lat' dir='ltr'>Pbiloioaeneeec.</span> <span class='ocrx_word' id='word_1_201' title='bbox 412 3336 553 3403; x_wconf 76' lang='grc'>(51863)</span> <span class='ocrx_word' id='word_1_202' title='bbox 573 3351 603 3401; x_wconf 79' lang='lat' dir='ltr'>p.</span> <span class='ocrx_word' id='word_1_203' title='bbox 627 3334 680 3388; x_wconf 72' lang='lat'>42’</span> <span class='ocrx_word' id='word_1_204' title='bbox 709 3336 798 3389; x_wconf 77' lang='lat' dir='ltr'>abesa</span> <span class='ocrx_word' id='word_1_205' title='bbox 824 3338 858 3390; x_wconf 89' lang='lat' dir='ltr'>ab</span> <span class='ocrx_word' id='word_1_206' title='bbox 885 3337 1067 3391; x_wconf 73' lang='lat' dir='ltr'><strong><em>Ambrosiam</em></strong></span> <span class='ocrx_word' id='word_1_207' title='bbox 1086 3341 1112 3389; x_wconf 86' lang='lat' dir='ltr'>et</span> <span class='ocrx_word' id='word_1_208' title='bbox 1138 3338 1312 3389; x_wconf 72' lang='lat' dir='ltr'>retractatam</span> 
     </span>
     <span class='ocr_line' id='line_1_28' title="bbox 164 3414 1312 3484; baseline 0 -14"><span class='ocrx_word' id='word_1_209' title='bbox 164 3417 323 3470; x_wconf 77' lang='lat' dir='ltr'>tribuendae</span> <span class='ocrx_word' id='word_1_210' title='bbox 337 3417 424 3470; x_wconf 76' lang='lat' dir='ltr'>dixit:</span> <span class='ocrx_word' id='word_1_211' title='bbox 442 3416 490 3468; x_wconf 88' lang='lat' dir='ltr'>cai</span> <span class='ocrx_word' id='word_1_212' title='bbox 503 3415 643 3468; x_wconf 76' lang='lat' dir='ltr'>obsecutae</span> <span class='ocrx_word' id='word_1_213' title='bbox 661 3420 699 3468; x_wconf 83' lang='lat' dir='ltr'>eet</span> <span class='ocrx_word' id='word_1_214' title='bbox 713 3414 927 3470; x_wconf 80' lang='lat' dir='ltr'>Braelrmannae</span> <span class='ocrx_word' id='word_1_215' title='bbox 942 3434 971 3484; x_wconf 83' lang='lat' dir='ltr'>p.</span> <span class='ocrx_word' id='word_1_216' title='bbox 986 3420 1032 3479; x_wconf 78' lang='lat'>90,</span> <span class='ocrx_word' id='word_1_217' title='bbox 1050 3417 1107 3470; x_wconf 78' lang='lat' dir='ltr'>nisi</span> <span class='ocrx_word' id='word_1_218' title='bbox 1125 3417 1197 3484; x_wconf 82' lang='lat' dir='ltr'>qaod</span> <span class='ocrx_word' id='word_1_219' title='bbox 1215 3434 1239 3470; x_wconf 87' lang='lat' dir='ltr'>v.</span> <span class='ocrx_word' id='word_1_220' title='bbox 1260 3421 1312 3470; x_wconf 87' lang='grc'>544</span> 
     </span>
     <span class='ocr_line' id='line_1_29' title="bbox 163 3495 1312 3564; baseline -0.002 -13"><span class='ocrx_word' id='word_1_221' title='bbox 163 3502 189 3551; x_wconf 82' lang='lat' dir='ltr'>et</span> <span class='ocrx_word' id='word_1_222' title='bbox 206 3501 263 3551; x_wconf 82' lang='grc'>548</span> <span class='ocrx_word' id='word_1_223' title='bbox 282 3512 400 3564; x_wconf 70' lang='lat' dir='ltr'>proriae</span> <span class='ocrx_word' id='word_1_224' title='bbox 423 3495 502 3548; x_wconf 87' lang='lat' dir='ltr'>tollit.</span> <span class='ocrx_word' id='word_1_225' title='bbox 539 3495 699 3563; x_wconf 81' lang='lat' dir='ltr'>Anspaebio</span> <span class='ocrx_word' id='word_1_226' title='bbox 720 3513 750 3564; x_wconf 86' lang='lat' dir='ltr'>p.</span> <span class='ocrx_word' id='word_1_227' title='bbox 775 3501 812 3551; x_wconf 85' lang='lat'>32</span> <span class='ocrx_word' id='word_1_228' title='bbox 837 3498 1016 3550; x_wconf 74' lang='lat' dir='ltr'><strong><em>Ambrosiam</em></strong></span> <span class='ocrx_word' id='word_1_229' title='bbox 1038 3499 1157 3550; x_wconf 76' lang='lat' dir='ltr'>recensio</span> <span class='ocrx_word' id='word_1_230' title='bbox 1176 3499 1312 3563; x_wconf 76' lang='lat' dir='ltr'>posterior</span> 
     </span>
     <span class='ocr_line' id='line_1_30' title="bbox 162 3576 1311 3633; baseline -0.003 -2"><span class='ocrx_word' id='word_1_231' title='bbox 162 3579 225 3631; x_wconf 78' lang='lat' dir='ltr'>cira</span> <span class='ocrx_word' id='word_1_232' title='bbox 240 3582 292 3630; x_wconf 80' lang='lat' dir='ltr'>eei:</span> <span class='ocrx_word' id='word_1_233' title='bbox 313 3577 478 3630; x_wconf 77' lang='lat' dir='ltr'>Plautinum</span> <span class='ocrx_word' id='word_1_234' title='bbox 492 3590 545 3629; x_wconf 81' lang='lat' dir='ltr'>ecee</span> <span class='ocrx_word' id='word_1_235' title='bbox 558 3576 643 3628; x_wconf 85' lang='lat' dir='ltr'>banc:</span> <span class='ocrx_word' id='word_1_236' title='bbox 663 3578 724 3630; x_wconf 83' lang='lat'><em>539.</em></span> <span class='ocrx_word' id='word_1_237' title='bbox 745 3581 901 3633; x_wconf 85' lang='grc'>540-542.</span> <span class='ocrx_word' id='word_1_238' title='bbox 922 3582 983 3631; x_wconf 82' lang='grc'>545.</span> <span class='ocrx_word' id='word_1_239' title='bbox 1003 3581 1064 3631; x_wconf 82' lang='grc'>549.</span> <span class='ocrx_word' id='word_1_240' title='bbox 1085 3582 1147 3632; x_wconf 86' lang='grc'>550.</span> <span class='ocrx_word' id='word_1_241' title='bbox 1168 3583 1229 3630; x_wconf 84' lang='grc'>551.</span> <span class='ocrx_word' id='word_1_242' title='bbox 1249 3583 1311 3631; x_wconf 83' lang='grc'>553.</span> 
     </span>
     <span class='ocr_line' id='line_1_31' title="bbox 162 3654 1312 3726; baseline 0 -16"><span class='ocrx_word' id='word_1_243' title='bbox 162 3658 258 3711; x_wconf 83' lang='lat' dir='ltr'>omnia</span> <span class='ocrx_word' id='word_1_244' title='bbox 275 3657 373 3711; x_wconf 86' lang='lat' dir='ltr'>retinet</span> <span class='ocrx_word' id='word_1_245' title='bbox 390 3661 422 3709; x_wconf 88' lang='lat' dir='ltr'>at</span> <span class='ocrx_word' id='word_1_246' title='bbox 439 3656 504 3709; x_wconf 84' lang='lat' dir='ltr'>solet</span> <span class='ocrx_word' id='word_1_247' title='bbox 523 3655 554 3708; x_wconf 94' lang='lat' dir='ltr'>P.</span> <span class='ocrx_word' id='word_1_248' title='bbox 571 3654 659 3709; x_wconf 81' lang='lat' dir='ltr'>Weiee</span> <span class='ocrx_word' id='word_1_249' title='bbox 678 3673 707 3722; x_wconf 86' lang='lat' dir='ltr'>p.</span> <span class='ocrx_word' id='word_1_250' title='bbox 727 3661 770 3710; x_wconf 85' lang='lat'>13.</span> <span class='ocrx_word' id='word_1_251' title='bbox 807 3657 874 3710; x_wconf 80' lang='lat' dir='ltr'>aiibi</span> <span class='ocrx_word' id='word_1_252' title='bbox 894 3658 927 3710; x_wconf 89' lang='lat' dir='ltr'>de</span> <span class='ocrx_word' id='word_1_253' title='bbox 945 3658 1053 3726; x_wconf 76' lang='lat' dir='ltr'>duplici</span> <span class='ocrx_word' id='word_1_254' title='bbox 1075 3658 1227 3711; x_wconf 78' lang='lat' dir='ltr'>recensione</span> <span class='ocrx_word' id='word_1_255' title='bbox 1250 3675 1312 3710; x_wconf 89' lang='lat' dir='ltr'>con·</span> 
     </span>
     <span class='ocr_line' id='line_1_32' title="bbox 164 3736 1312 3803; baseline -0.001 -12"><span class='ocrx_word' id='word_1_256' title='bbox 164 3743 241 3791; x_wconf 75' lang='lat' dir='ltr'>ctare</span> <span class='ocrx_word' id='word_1_257' title='bbox 258 3737 380 3791; x_wconf 68' lang='lat' dir='ltr'>aidane:</span> <span class='ocrx_word' id='word_1_258' title='bbox 402 3740 494 3789; x_wconf 89' lang='lat' dir='ltr'>atram</span> <span class='ocrx_word' id='word_1_259' title='bbox 509 3736 630 3802; x_wconf 79' lang='lat' dir='ltr'>priorem</span> <span class='ocrx_word' id='word_1_260' title='bbox 649 3736 739 3788; x_wconf 86' lang='lat' dir='ltr'>dicam</span> <span class='ocrx_word' id='word_1_261' title='bbox 757 3752 856 3803; x_wconf 77' lang='lat' dir='ltr'>anceps</span> <span class='ocrx_word' id='word_1_262' title='bbox 873 3736 982 3790; x_wconf 81' lang='lat' dir='ltr'>haereo:</span> <span class='ocrx_word' id='word_1_263' title='bbox 1002 3737 1048 3789; x_wconf 85' lang='lat' dir='ltr'>sed</span> <span class='ocrx_word' id='word_1_264' title='bbox 1067 3737 1185 3790; x_wconf 84' lang='lat' dir='ltr'>inclinat</span> <span class='ocrx_word' id='word_1_265' title='bbox 1203 3738 1312 3790; x_wconf 77' lang='lat' dir='ltr'>arriana</span> 
     </span>
     <span class='ocr_line' id='line_1_33' title="bbox 165 3815 1311 3883; baseline 0 -13"><span class='ocrx_word' id='word_1_266' title='bbox 165 3819 199 3871; x_wconf 84' lang='lat' dir='ltr'>in</span> <span class='ocrx_word' id='word_1_267' title='bbox 221 3815 408 3871; x_wconf 81' lang='lat' dir='ltr'>Stademandi</span> <span class='ocrx_word' id='word_1_268' title='bbox 430 3816 471 3869; x_wconf 85' lang='lat' dir='ltr'>vel</span> <span class='ocrx_word' id='word_1_269' title='bbox 489 3816 585 3883; x_wconf 82' lang='lat' dir='ltr'>potine</span> <span class='ocrx_word' id='word_1_270' title='bbox 608 3815 800 3869; x_wconf 79' lang='lat' dir='ltr'>Brachmanai</span> <span class='ocrx_word' id='word_1_271' title='bbox 821 3818 983 3869; x_wconf 78' lang='lat' dir='ltr'>sententiam</span> <span class='ocrx_word' id='word_1_272' title='bbox 1056 3821 1115 3869; x_wconf 86' lang='grc'>540.</span> <span class='ocrx_word' id='word_1_273' title='bbox 1144 3817 1224 3868; x_wconf 86' lang='lat' dir='ltr'>aiunt</span> <span class='ocrx_word' id='word_1_274' title='bbox 1242 3820 1271 3878; x_wconf 76' lang='lat' dir='ltr'>(u</span> <span class='ocrx_word' id='word_1_275' title='bbox 1290 3833 1311 3870; x_wconf 84' lang='lat' dir='ltr'>e.</span> 
     </span>
     <span class='ocr_line' id='line_1_34' title="bbox 164 3895 1312 3963; baseline -0.003 -11"><span class='ocrx_word' id='word_1_276' title='bbox 164 3896 259 3952; x_wconf 87' lang='lat' dir='ltr'>iodd.</span> <span class='ocrx_word' id='word_1_277' title='bbox 278 3913 312 3950; x_wconf 89' lang='lat' dir='ltr'>m.</span> <span class='ocrx_word' id='word_1_278' title='bbox 330 3900 362 3963; x_wconf 85' lang='grc'>2)</span> <span class='ocrx_word' id='word_1_279' title='bbox 379 3895 420 3948; x_wconf 87' lang='grc' dir='ltr'>Β.·</span> <span class='ocrx_word' id='word_1_280' title='bbox 448 3896 520 3963; x_wconf 78' lang='lat' dir='ltr'>qaod</span> <span class='ocrx_word' id='word_1_281' title='bbox 543 3900 651 3949; x_wconf 84' lang='lat' dir='ltr'>latetur</span> <span class='ocrx_word' id='word_1_282' title='bbox 673 3895 796 3949; x_wconf 81' lang='lat' dir='ltr'>Korbine</span> <span class='ocrx_word' id='word_1_283' title='bbox 818 3895 889 3950; x_wconf 84' lang='lat' dir='ltr'>Noe.</span> <span class='ocrx_word' id='word_1_284' title='bbox 913 3896 1008 3950; x_wconf 81' lang='lat' dir='ltr'>crinal.</span> <span class='ocrx_word' id='word_1_285' title='bbox 1032 3896 1082 3948; x_wconf 86' lang='lat' dir='ltr'>eol.</span> <span class='ocrx_word' id='word_1_286' title='bbox 1105 3895 1145 3947; x_wconf 78' lang='lat'>01</span> <span class='ocrx_word' id='word_1_287' title='bbox 1164 3899 1201 3958; x_wconf 87' lang='lat' dir='ltr'>(a.</span> <span class='ocrx_word' id='word_1_288' title='bbox 1225 3900 1312 3960; x_wconf 76' lang='grc'>1575)</span> 
     </span>
     <span class='ocr_line' id='line_1_35' title="bbox 161 3973 1311 4046; baseline -0.003 -14"><span class='ocrx_word' id='word_1_289' title='bbox 161 3995 191 4046; x_wconf 83' lang='lat' dir='ltr'>p.</span> <span class='ocrx_word' id='word_1_290' title='bbox 211 3982 278 4032; x_wconf 85' lang='grc'>284.</span> <span class='ocrx_word' id='word_1_291' title='bbox 306 3975 406 4030; x_wconf 89' lang='lat' dir='ltr'>uiuunt</span> <span class='ocrx_word' id='word_1_292' title='bbox 425 3974 545 4028; x_wconf 83' lang='lat' dir='ltr'><em>ODFZ</em></span> <span class='ocrx_word' id='word_1_293' title='bbox 614 3991 698 4043; x_wconf 91' lang='lat' dir='ltr'>quom</span> <span class='ocrx_word' id='word_1_294' title='bbox 718 3973 754 4028; x_wconf 73' lang='lat' dir='ltr'>F.</span> <span class='ocrx_word' id='word_1_295' title='bbox 779 3990 841 4027; x_wconf 90' lang='lat' dir='ltr'>cum</span> <span class='ocrx_word' id='word_1_296' title='bbox 861 3974 981 4027; x_wconf 84' lang='lat' dir='ltr'><em>BGDZ</em></span> <span class='ocrx_word' id='word_1_297' title='bbox 1051 3979 1110 4028; x_wconf 81' lang='grc'>541.</span> <span class='ocrx_word' id='word_1_298' title='bbox 1136 3990 1193 4027; x_wconf 83' lang='grc'>5555</span> <span class='ocrx_word' id='word_1_299' title='bbox 1213 3974 1311 4028; x_wconf 78' lang='lat' dir='ltr'>Bel).</span> 
     </span>
     <span class='ocr_line' id='line_1_36' title="bbox 165 4052 1311 4124; baseline -0.004 -14"><span class='ocrx_word' id='word_1_300' title='bbox 165 4056 220 4112; x_wconf 77' lang='lat' dir='ltr'>tubi</span> <span class='ocrx_word' id='word_1_301' title='bbox 240 4055 300 4110; x_wconf 74' lang='lat' dir='ltr'>Fa</span> <span class='ocrx_word' id='word_1_302' title='bbox 379 4054 574 4124; x_wconf 85' lang='lat' dir='ltr'>repperiuntur</span> <span class='ocrx_word' id='word_1_303' title='bbox 598 4055 626 4108; x_wconf 92' lang='lat' dir='ltr'><em>B</em></span> <span class='ocrx_word' id='word_1_304' title='bbox 706 4054 771 4108; x_wconf 85' lang='lat' dir='ltr'>falsi</span> <span class='ocrx_word' id='word_1_305' title='bbox 792 4054 871 4109; x_wconf 83' lang='lat' dir='ltr'>Piae.</span> <span class='ocrx_word' id='word_1_306' title='bbox 900 4054 979 4107; x_wconf 84' lang='lat' dir='ltr'>saleis</span> <span class='ocrx_word' id='word_1_307' title='bbox 998 4054 1064 4106; x_wconf 87' lang='lat' dir='ltr'>libri</span> <span class='ocrx_word' id='word_1_308' title='bbox 1144 4052 1311 4106; x_wconf 80' lang='lat' dir='ltr'>falsimooiie</span> 
     </span>
     <span class='ocr_line' id='line_1_37' title="bbox 165 4133 1311 4205; baseline -0.003 -15"><span class='ocrx_word' id='word_1_309' title='bbox 165 4135 264 4190; x_wconf 84' lang='lat' dir='ltr'><strong><em>ODF.</em></strong></span> <span class='ocrx_word' id='word_1_310' title='bbox 284 4135 476 4205; x_wconf 70' lang='lat' dir='ltr'>fcleill&#39;pnoniis</span> <span class='ocrx_word' id='word_1_311' title='bbox 494 4139 586 4197; x_wconf 79' lang='lat' dir='ltr'>(erata</span> <span class='ocrx_word' id='word_1_312' title='bbox 600 4138 624 4201; x_wconf 84' lang='grc'>5)</span> <span class='ocrx_word' id='word_1_313' title='bbox 645 4136 680 4190; x_wconf 89' lang='grc' dir='ltr'>Β.</span> <span class='ocrx_word' id='word_1_314' title='bbox 699 4134 907 4189; x_wconf 81' lang='lat' dir='ltr'>testimoniisZ</span> <span class='ocrx_word' id='word_1_315' title='bbox 973 4139 1032 4186; x_wconf 79' lang='grc'>542.</span> <span class='ocrx_word' id='word_1_316' title='bbox 1059 4133 1185 4186; x_wconf 77' lang='lat' dir='ltr'>sublesta</span> <span class='ocrx_word' id='word_1_317' title='bbox 1198 4133 1228 4188; x_wconf 86' lang='lat' dir='ltr'>Z.</span> <span class='ocrx_word' id='word_1_318' title='bbox 1249 4133 1311 4186; x_wconf 83' lang='lat' dir='ltr'>rub·</span> 
     </span>
     <span class='ocr_line' id='line_1_38' title="bbox 164 4211 1311 4287; baseline -0.004 -17"><span class='ocrx_word' id='word_1_319' title='bbox 164 4218 251 4287; x_wconf 66' lang='lat' dir='ltr'>uecta</span> <span class='ocrx_word' id='word_1_320' title='bbox 268 4219 305 4281; x_wconf 87' lang='lat' dir='ltr'>(et</span> <span class='ocrx_word' id='word_1_321' title='bbox 323 4232 351 4269; x_wconf 80' lang='lat' dir='ltr'>rs</span> <span class='ocrx_word' id='word_1_322' title='bbox 368 4232 428 4282; x_wconf 77' lang='lat' dir='ltr'>cap.</span> <span class='ocrx_word' id='word_1_323' title='bbox 450 4217 489 4285; x_wconf 81' lang='lat' dir='ltr'>et)</span> <span class='ocrx_word' id='word_1_324' title='bbox 508 4215 543 4267; x_wconf 91' lang='lat' dir='ltr'>B.</span> <span class='ocrx_word' id='word_1_325' title='bbox 564 4214 696 4269; x_wconf 77' lang='lat' dir='ltr'>subnecte</span> <span class='ocrx_word' id='word_1_326' title='bbox 714 4215 785 4271; x_wconf 86' lang='lat' dir='ltr'>DF.</span> <span class='ocrx_word' id='word_1_327' title='bbox 810 4216 945 4269; x_wconf 78' lang='lat' dir='ltr'>subrecta</span> <span class='ocrx_word' id='word_1_328' title='bbox 965 4212 993 4267; x_wconf 80' lang='lat'>0,</span> <span class='ocrx_word' id='word_1_329' title='bbox 1013 4211 1132 4266; x_wconf 76' lang='lat' dir='ltr'>subfictu</span> <span class='ocrx_word' id='word_1_330' title='bbox 1155 4214 1212 4267; x_wconf 86' lang='lat' dir='ltr'>cod.</span> <span class='ocrx_word' id='word_1_331' title='bbox 1232 4213 1311 4267; x_wconf 77' lang='lat' dir='ltr'>Sarri-</span> 
     </span>
     <span class='ocr_line' id='line_1_39' title="bbox 164 4293 1312 4363; baseline -0.003 -12"><span class='ocrx_word' id='word_1_332' title='bbox 164 4297 243 4362; x_wconf 74' lang='lat' dir='ltr'>oret,</span> <span class='ocrx_word' id='word_1_333' title='bbox 262 4297 320 4350; x_wconf 87' lang='lat' dir='ltr'>cod.</span> <span class='ocrx_word' id='word_1_334' title='bbox 340 4296 426 4349; x_wconf 85' lang='lat' dir='ltr'>Paali</span> <span class='ocrx_word' id='word_1_335' title='bbox 444 4295 577 4363; x_wconf 78' lang='lat' dir='ltr'>Stephani</span> <span class='ocrx_word' id='word_1_336' title='bbox 595 4313 639 4363; x_wconf 85' lang='lat' dir='ltr'>ap.</span> <span class='ocrx_word' id='word_1_337' title='bbox 661 4296 786 4351; x_wconf 87' lang='lat' dir='ltr'>Paream.</span> <span class='ocrx_word' id='word_1_338' title='bbox 806 4294 922 4349; x_wconf 79' lang='lat' dir='ltr'>sublesli</span> <span class='ocrx_word' id='word_1_339' title='bbox 941 4294 1088 4347; x_wconf 80' lang='lat' dir='ltr'>Acidaliae</span> <span class='ocrx_word' id='word_1_340' title='bbox 1167 4299 1225 4347; x_wconf 84' lang='grc'>543.</span> <span class='ocrx_word' id='word_1_341' title='bbox 1246 4293 1312 4361; x_wconf 90' lang='lat' dir='ltr'>quoi</span> 
     </span>
     <span class='ocr_line' id='line_1_40' title="bbox 164 4372 1313 4447; baseline -0.003 -16"><span class='ocrx_word' id='word_1_342' title='bbox 164 4393 221 4431; x_wconf 91' lang='lat' dir='ltr'>non</span> <span class='ocrx_word' id='word_1_343' title='bbox 245 4375 393 4430; x_wconf 78' lang='lat' dir='ltr'>inrideant</span> <span class='ocrx_word' id='word_1_344' title='bbox 415 4376 525 4441; x_wconf 78' lang='lat' dir='ltr'>Doara,</span> <span class='ocrx_word' id='word_1_345' title='bbox 550 4374 681 4447; x_wconf 74' lang='lat' dir='ltr'>Scaliper.</span> <span class='ocrx_word' id='word_1_346' title='bbox 714 4376 762 4444; x_wconf 91' lang='lat' dir='ltr'>qui</span> <span class='ocrx_word' id='word_1_347' title='bbox 784 4391 841 4428; x_wconf 89' lang='lat' dir='ltr'>non</span> <span class='ocrx_word' id='word_1_348' title='bbox 864 4372 991 4427; x_wconf 83' lang='lat' dir='ltr'>inuideat</span> <span class='ocrx_word' id='word_1_349' title='bbox 1014 4373 1079 4426; x_wconf 81' lang='lat' dir='ltr'>libri</span> <span class='ocrx_word' id='word_1_350' title='bbox 1170 4374 1267 4427; x_wconf 70' lang='lat' dir='ltr'>eecdffi</span> <span class='ocrx_word' id='word_1_351' title='bbox 1284 4374 1313 4426; x_wconf 88' lang='lat' dir='ltr'><em>D</em></span> 
     </span>
     <span class='ocr_line' id='line_1_41' title="bbox 163 4454 1312 4524; baseline -0.003 -13"><span class='ocrx_word' id='word_1_352' title='bbox 163 4463 229 4511; x_wconf 81' lang='lat' dir='ltr'>ante</span> <span class='ocrx_word' id='word_1_353' title='bbox 247 4473 316 4510; x_wconf 82' lang='lat' dir='ltr'>corr.</span> <span class='ocrx_word' id='word_1_354' title='bbox 391 4454 536 4524; x_wconf 75' lang='lat' dir='ltr'>optingere</span> <span class='ocrx_word' id='word_1_355' title='bbox 557 4456 591 4509; x_wconf 90' lang='lat' dir='ltr'>B.</span> <span class='ocrx_word' id='word_1_356' title='bbox 616 4455 762 4524; x_wconf 82' lang='lat' dir='ltr'>obtingere</span> <span class='ocrx_word' id='word_1_357' title='bbox 780 4456 881 4524; x_wconf 79' lang='lat' dir='ltr'>reliqui</span> <span class='ocrx_word' id='word_1_358' title='bbox 952 4458 1012 4507; x_wconf 86' lang='grc'>544.</span> <span class='ocrx_word' id='word_1_359' title='bbox 1036 4454 1111 4509; x_wconf 87' lang='lat' dir='ltr'>Dedi</span> <span class='ocrx_word' id='word_1_360' title='bbox 1129 4471 1162 4510; x_wconf 81' lang='grc'>55</span> <span class='ocrx_word' id='word_1_361' title='bbox 1181 4457 1312 4510; x_wconf 82' lang='lat' dir='ltr'>librorum</span> 
     </span>
     <span class='ocr_line' id='line_1_42' title="bbox 162 4535 1310 4608; baseline -0.004 -15"><span class='ocrx_word' id='word_1_362' title='bbox 162 4539 306 4608; x_wconf 69' lang='lat' dir='ltr'>emptura</span> <span class='ocrx_word' id='word_1_363' title='bbox 324 4541 348 4588; x_wconf 87' lang='lat' dir='ltr'>et</span> <span class='ocrx_word' id='word_1_364' title='bbox 366 4536 446 4589; x_wconf 83' lang='lat' dir='ltr'>aneia</span> <span class='ocrx_word' id='word_1_365' title='bbox 464 4536 667 4604; x_wconf 77' lang='lat' dir='ltr'>circanncripri</span> <span class='ocrx_word' id='word_1_366' title='bbox 689 4555 749 4590; x_wconf 78' lang='lat' dir='ltr'>cani</span> <span class='ocrx_word' id='word_1_367' title='bbox 768 4536 947 4590; x_wconf 72' lang='lat' dir='ltr'>Lachmanno</span> <span class='ocrx_word' id='word_1_368' title='bbox 965 4541 990 4588; x_wconf 90' lang='lat' dir='ltr'>et</span> <span class='ocrx_word' id='word_1_369' title='bbox 1008 4535 1205 4591; x_wconf 77' lang='lat' dir='ltr'>Brachmanae</span> <span class='ocrx_word' id='word_1_370' title='bbox 1224 4537 1240 4589; x_wconf 92' lang='lat' dir='ltr'>l.</span> <span class='ocrx_word' id='word_1_371' title='bbox 1256 4553 1276 4588; x_wconf 83' lang='lat' dir='ltr'>s.</span> <span class='ocrx_word' id='word_1_372' title='bbox 1291 4552 1310 4589; x_wconf 81' lang='lat' dir='ltr'>s,</span> 
     </span>
    </p>

    <p class='ocr_par' dir='ltr' id='par_1_9' title="bbox 159 4614 1312 5004">
     <span class='ocr_line' id='line_1_43' title="bbox 237 4614 1310 4671; baseline -0.002 -1"><span class='ocrx_word' id='word_1_373' title='bbox 237 4616 358 4671; x_wconf 89' lang='lat' dir='ltr'>Sibimet</span> <span class='ocrx_word' id='word_1_374' title='bbox 380 4631 415 4669; x_wconf 86' lang='lat' dir='ltr'>ne</span> <span class='ocrx_word' id='word_1_375' title='bbox 439 4631 500 4669; x_wconf 83' lang='lat' dir='ltr'>carn</span> <span class='ocrx_word' id='word_1_376' title='bbox 522 4614 624 4669; x_wconf 80' lang='lat' dir='ltr'>Bottia</span> <span class='ocrx_word' id='word_1_377' title='bbox 647 4615 818 4671; x_wconf 81' lang='lat' dir='ltr'>Ritecbeliae.</span> <span class='ocrx_word' id='word_1_378' title='bbox 843 4616 902 4670; x_wconf 84' lang='lat' dir='ltr'>Sibi</span> <span class='ocrx_word' id='word_1_379' title='bbox 921 4633 973 4669; x_wconf 85' lang='lat' dir='ltr'>noc</span> <span class='ocrx_word' id='word_1_380' title='bbox 994 4616 1116 4671; x_wconf 81' lang='lat' dir='ltr'>Kocbine</span> <span class='ocrx_word' id='word_1_381' title='bbox 1131 4618 1205 4671; x_wconf 78' lang='lat' dir='ltr'>illae.</span> <span class='ocrx_word' id='word_1_382' title='bbox 1225 4616 1310 4668; x_wconf 83' lang='lat' dir='ltr'>Rben.</span> 
     </span>
     <span class='ocr_line' id='line_1_44' title="bbox 160 4693 1312 4764; baseline -0.007 -11"><span class='ocrx_word' id='word_1_383' title='bbox 160 4699 214 4754; x_wconf 83' lang='lat' dir='ltr'>vol.</span> <span class='ocrx_word' id='word_1_384' title='bbox 237 4696 333 4749; x_wconf 84' lang='lat' dir='ltr'>XXV</span> <span class='ocrx_word' id='word_1_385' title='bbox 349 4698 386 4758; x_wconf 88' lang='lat' dir='ltr'>(a.</span> <span class='ocrx_word' id='word_1_386' title='bbox 412 4696 496 4764; x_wconf 70' lang='lat'><strong><em>1870)</em></strong></span> <span class='ocrx_word' id='word_1_387' title='bbox 517 4713 546 4763; x_wconf 86' lang='lat' dir='ltr'>p.</span> <span class='ocrx_word' id='word_1_388' title='bbox 567 4699 634 4750; x_wconf 81' lang='grc'>622.</span> <span class='ocrx_word' id='word_1_389' title='bbox 664 4695 706 4748; x_wconf 89' lang='lat' dir='ltr'>Ne</span> <span class='ocrx_word' id='word_1_390' title='bbox 730 4695 826 4750; x_wconf 80' lang='lat' dir='ltr'>sibiet</span> <span class='ocrx_word' id='word_1_391' title='bbox 849 4713 912 4749; x_wconf 77' lang='lat' dir='ltr'>moa</span> <span class='ocrx_word' id='word_1_392' title='bbox 930 4696 998 4763; x_wconf 82' lang='lat' dir='ltr'>ipsis</span> <span class='ocrx_word' id='word_1_393' title='bbox 1019 4699 1172 4750; x_wconf 82' lang='lat' dir='ltr'>Acidaliae.</span> <span class='ocrx_word' id='word_1_394' title='bbox 1192 4693 1251 4747; x_wconf 88' lang='lat' dir='ltr'>Sibi</span> <span class='ocrx_word' id='word_1_395' title='bbox 1271 4693 1312 4746; x_wconf 88' lang='lat' dir='ltr'>illi</span> 
     </span>
     <span class='ocr_line' id='line_1_45' title="bbox 162 4773 1312 4845; baseline -0.008 -12"><span class='ocrx_word' id='word_1_396' title='bbox 162 4797 198 4833; x_wconf 90' lang='lat' dir='ltr'>ne</span> <span class='ocrx_word' id='word_1_397' title='bbox 218 4778 399 4831; x_wconf 84' lang='lat' dir='ltr'>Hermannae</span> <span class='ocrx_word' id='word_1_398' title='bbox 457 4773 575 4845; x_wconf 80' lang='lat' dir='ltr'>ignauia</span> <span class='ocrx_word' id='word_1_399' title='bbox 592 4776 780 4841; x_wconf 80' lang='lat' dir='ltr'>Hernrannnc,</span> <span class='ocrx_word' id='word_1_400' title='bbox 799 4775 966 4829; x_wconf 84' lang='lat' dir='ltr'>Ritscbeliae</span> <span class='ocrx_word' id='word_1_401' title='bbox 1029 4781 1088 4829; x_wconf 84' lang='grc'>545,</span> <span class='ocrx_word' id='word_1_402' title='bbox 1109 4773 1172 4828; x_wconf 88' lang='lat' dir='ltr'>MN.</span> <span class='ocrx_word' id='word_1_403' title='bbox 1192 4790 1242 4825; x_wconf 86' lang='lat' dir='ltr'>om.</span> <span class='ocrx_word' id='word_1_404' title='bbox 1258 4773 1312 4825; x_wconf 52' lang='grc'>131.-</span> 
     </span>
     <span class='ocr_line' id='line_1_46' title="bbox 160 4855 1312 4926; baseline -0.009 -12"><span class='ocrx_word' id='word_1_405' title='bbox 160 4861 228 4914; x_wconf 84' lang='lat' dir='ltr'><strong><em>add.</em></strong></span> <span class='ocrx_word' id='word_1_406' title='bbox 250 4856 293 4910; x_wconf 65' lang='lat' dir='ltr'>D‘</span> <span class='ocrx_word' id='word_1_407' title='bbox 383 4872 418 4909; x_wconf 88' lang='lat' dir='ltr'>ne</span> <span class='ocrx_word' id='word_1_408' title='bbox 437 4857 481 4926; x_wconf 87' lang='lat' dir='ltr'>tu]</span> <span class='ocrx_word' id='word_1_409' title='bbox 505 4859 537 4909; x_wconf 85' lang='lat' dir='ltr'>tu</span> <span class='ocrx_word' id='word_1_410' title='bbox 554 4873 589 4909; x_wconf 89' lang='lat' dir='ltr'>ne</span> <span class='ocrx_word' id='word_1_411' title='bbox 609 4856 643 4910; x_wconf 85' lang='lat' dir='ltr'>F.</span> <span class='ocrx_word' id='word_1_412' title='bbox 664 4873 698 4909; x_wconf 90' lang='lat' dir='ltr'>ne</span> <span class='ocrx_word' id='word_1_413' title='bbox 717 4859 748 4910; x_wconf 87' lang='lat' dir='ltr'>tu</span> <span class='ocrx_word' id='word_1_414' title='bbox 767 4862 791 4909; x_wconf 87' lang='lat' dir='ltr'>ct</span> <span class='ocrx_word' id='word_1_415' title='bbox 809 4873 830 4909; x_wconf 85' lang='lat' dir='ltr'>s.</span> <span class='ocrx_word' id='word_1_416' title='bbox 848 4873 873 4909; x_wconf 87' lang='lat' dir='ltr'>o.</span> <span class='ocrx_word' id='word_1_417' title='bbox 893 4857 968 4909; x_wconf 84' lang='lat' dir='ltr'>certe</span> <span class='ocrx_word' id='word_1_418' title='bbox 988 4855 1043 4909; x_wconf 75' lang='lat'>01)</span> <span class='ocrx_word' id='word_1_419' title='bbox 1133 4868 1269 4921; x_wconf 83' lang='lat' dir='ltr'>perquam</span> <span class='ocrx_word' id='word_1_420' title='bbox 1288 4857 1312 4904; x_wconf 90' lang='lat' dir='ltr'>et</span> 
     </span>
     <span class='ocr_line' id='line_1_47' title="bbox 159 4934 985 5004; baseline -0.01 -10"><span class='ocrx_word' id='word_1_421' title='bbox 159 4958 182 4994; x_wconf 87' lang='lat' dir='ltr'>e.</span> <span class='ocrx_word' id='word_1_422' title='bbox 202 4957 228 4993; x_wconf 86' lang='lat' dir='ltr'>e.</span> <span class='ocrx_word' id='word_1_423' title='bbox 249 4937 334 4992; x_wconf 79' lang='lat' dir='ltr'>ualde</span> <span class='ocrx_word' id='word_1_424' title='bbox 354 4935 410 4989; x_wconf 78' lang='lat'>01)</span> <span class='ocrx_word' id='word_1_425' title='bbox 482 4935 616 4990; x_wconf 81' lang='lat' dir='ltr'>meditate</span> <span class='ocrx_word' id='word_1_426' title='bbox 641 4941 665 4988; x_wconf 85' lang='lat' dir='ltr'>et</span> <span class='ocrx_word' id='word_1_427' title='bbox 683 4953 704 4988; x_wconf 88' lang='lat' dir='ltr'>e.</span> <span class='ocrx_word' id='word_1_428' title='bbox 723 4954 748 4989; x_wconf 86' lang='grc'>5.</span> <span class='ocrx_word' id='word_1_429' title='bbox 768 4936 909 5004; x_wconf 79' lang='lat' dir='ltr'>supienter</span> <span class='ocrx_word' id='word_1_430' title='bbox 929 4934 985 4987; x_wconf 79' lang='lat'>01)</span> 
     </span>
    </p>
   </div>
   <div class='ocr_carea' id='block_1_9' title="bbox 219 5025 1099 5077">
    <p class='ocr_par' dir='ltr' id='par_1_10' title="bbox 219 5025 1099 5077">
     <span class='ocr_line' id='line_1_48' title="bbox 219 5025 1099 5077; baseline -0.007 0"><span class='ocrx_word' id='word_1_431' title='bbox 219 5039 316 5077; x_wconf 71' lang='lat' dir='ltr'>Pmrvrr</span> <span class='ocrx_word' id='word_1_432' title='bbox 331 5036 471 5074; x_wconf 71' lang='lat' dir='ltr'>Buccmoee</span> <span class='ocrx_word' id='word_1_433' title='bbox 1084 5025 1099 5071; x_wconf 83' lang='lat' dir='ltr'>b</span> 
     </span>
    </p>
   </div>
   <div class='ocr_carea' id='block_1_10' title="bbox 0 0 1479 5594">
    <p class='ocr_par' dir='ltr' id='par_1_11' title="bbox 0 0 1479 5594">
     <span class='ocr_line' id='line_1_49' title="bbox 0 0 1479 5594; baseline 0 0"><span class='ocrx_word' id='word_1_434' title='bbox 0 0 1479 5594; x_wconf 95' lang='lat' dir='ltr'> </span> 
     </span>
    </p>
   </div>
  </div>
 </body>
</html>
