2948 5594
236 323 297 385 102
735 321 869 376 sucum
1169 314 1382 391 lucro-4⁷

727 481 882 536 Caai‘siavs

234 576 326 659 Roga
349 575 435 639 hunc
458 579 509 657 tu,
532 579 568 639 tu
591 573 744 658 promitte
768 574 851 638 huic.

728 697 882 750 Nicoavcvs

853 786 1027 853 Promitt6:
1049 810 1140 873 roga.

718 910 895 964 Cauouscnvs

235 1001 399 1066 Ducintos
423 1024 573 1066 nummos
598 1005 712 1068 aureos
737 1001 909 1085 Philippus
932 1001 1052 1086 probos

235 1106 365 1173 Dabin?

730 1193 886 1249 Caucasias

370 1285 542 1351 Dabuntur
564 1285 677 1371 inque:
699 1284 868 1369 respondi.

732 1408 885 1462 Nrcoavcvs

874 1489 977 1555 Dabo.

731 1611 887 1666 Canusinus

238 1703 322 1780 Quid
346 1709 445 1788 nunc,
468 1703 606 1787 inpure?
629 1703 787 1788 numquid
810 1704 946 1768 debetur
969 1703 1054 1769 tibi?

237 1809 321 1885 Quid
345 1809 397 1873 illi
418 1811 607 1875 molestu's?
630 1810 707 1895 quid
732 1810 823 1875 illum
847 1814 951 1876 morte
974 1811 1130 1877 turritas?
1218 1812 1222 1819 “
1333 1828 1382 1876 885

236 1916 282 1980 Et
305 1936 365 2000 ego
389 1919 421 1980 c't
443 1916 500 1980 illc
523 1920 556 1979 te
580 1919 759 1982 mactamus
784 1917 972 1982 infortunio.

238 2021 272 2087 Si
295 2020 390 2088 tibist
414 2023 599 2105 machaera,
622 2027 657 2087 at
680 2023 774 2087 nubis
798 2022 964 2088 usruinsist
985 2022 1087 2088 domi:

238 2128 309 2204 Qua
332 2127 461 2213 quidem
485 2134 517 2194 tc
540 2130 671 2214 faciam,
695 2128 725 2194 si
746 2134 782 2194 tu
805 2151 856 2193 mc
878 2129 1079 2213 inritaueris,

309 2292 459 2343 887-889.
474 2287 584 2342 Horum
592 2304 718 2343 uersuum
727 2287 804 2356 apud
814 2287 928 2342 Festum
936 2287 1095 2356 p.161hae
1109 2287 1231 2343 laciniae
1240 2293 1385 2358 supersunt

132 2432 144 2455 ο
239 2368 465 2436 (cf.Lcidolphus
480 2369 497 2422 t.
511 2385 532 2421 a.
547 2386 568 2423 s.
583 2386 613 2437 p.
629 2373 713 2437 231):
734 2367 940 2423 ...chedsm
959 2366 999 2421 ad
1017 2367 1085 2421 nob
1102 2409 1108 2420 .
1124 2410 1131 2422 .
1147 2410 1153 2421 .
1169 2369 1204 2422 ts
1217 2368 1356 2425 reddam
1369 2387 1386 2422 u

240 2466 361 2502 ...rem
372 2447 522 2502 soricina
536 2490 541 2501 .
555 2490 560 2500 .
573 2490 578 2501 .
589 2447 748 2503 Eorumlem
762 2447 1198 2517 apudFulpeutiump.X1XL.
1214 2448 1387 2518 hascspccies

239 2533 290 2582 est:
320 2527 365 2579 ‘si
388 2527 454 2581 tibi
479 2528 639 2582 machera
662 2530 714 2581 ast
737 2527 835 2594 foris,
859 2530 895 2581 at
922 2526 1006 2580 mihi
1030 2527 1175 2583 ucruina
1204 2530 1259 2583 ast
1286 2528 1386 2595 domi,

239 2625 304 2676 quo
318 2609 351 2662 tc
367 2624 428 2678 ego
443 2610 556 2676 (quam
572 2624 633 2678 ego
647 2610 694 2677 ct.)
709 2612 743 2663 et
758 2607 840 2661 illos
855 2606 1040 2661 conficiam
1055 2608 1092 2660 ut
1106 2607 1262 2664 soricina
1275 2609 1385 2664 nenia’

310 2686 440 2741 Donatus
458 2689 495 2741 ud
515 2688 590 2743 Euri.
616 2687 642 2741 V
659 2692 684 2756 7,
703 2693 756 2744 23.-
775 2688 904 2743 Plautus:
926 2687 1192 2742 ‘confossiorem
1211 2689 1245 2742 ta
1265 2687 1388 2742 faciam

240 2765 393 2822 soricina
417 2765 533 2821 ncnia’
643 2767 791 2821 Ncuicium
814 2784 867 2822 ease
891 2768 1074 2823 testimouium
1096 2769 1169 2837 quud
1195 2768 1388 2823 Fleclaeiseuus

237 2848 327 2916 praefi
348 2847 435 2903 Stichi
453 2849 493 2901 ed.
510 2847 639 2900 Ritschcl.
656 2864 684 2915 p.
707 2848 804 2900 XXX
820 2865 854 2901 aa·
872 2847 1019 2917 Excerptis
1039 2848 1201 2901 Pitlsoeauia
1215 2864 1247 2916 p.
1268 2853 1306 2904 67
1322 2850 1388 2918 peti·

241 2932 299 2981 tum
327 2927 455 2995 (murrirs
470 2942 477 2982 :
494 2926 628 2995 clamare,
663 2926 806 2996 proprium
833 2927 963 2981 murium.
993 2926 1115 2982 soricum
1145 2925 1250 2982 naenia
1278 2928 1388 2995 Plauto)

241 3014 441 3076 commemorat,
460 3008 654 3062 demonstrauit
673 3008 799 3062 Locruius
820 3009 919 3063 Proclrz
937 3025 967 3076 p.
985 3013 1026 3063 26

241 3150 344 3204 desecat
368 3151 534 3217 Acidcliusl.
562 3149 700 3218 Philippis
719 3150 824 3220 pepigi.
850 3150 896 3204 NI.
918 3151 993 3215 Vah,
1014 3149 1110 3214 Salus,
1138 3150 1148 3217 fl
1175 3166 1221 3203 mc
1241 3152 1391 3207 seruauisti

242 3229 312 3282 Hem
328 3225 415 3298 'quam
435 3231 615 3293 machalius,
639 3231 687 3283 ubi
706 3231 786 3284 cham
808 3231 1009 3285 Fleckeisrraus.
1039 3227 1178 3297 Philippis
1201 3245 1261 3283 rem
1287 3231 1388 3300 pepigi.

242 3309 288 3363 NI.
314 3310 372 3376 Ah,
397 3311 471 3364 salus
536 3312 599 3363 Mea
622 3309 771 3364 seruauisti
799 3328 856 3375 mc,
889 3327 973 3378 quam
999 3309 1133 3363 Bothius:
1165 3309 1201 3375 cf.
1236 3311 1390 3364 Muellerus

243 3392 319 3446 Pras.
335 3409 364 3460 p.
385 3397 441 3445 396
460 3393 524 3445 adri.
608 3396 668 3446 883.
693 3391 806 3460 inquam
831 3389 895 3445 FZ.
927 3390 1009 3458 inque
1034 3394 1070 3456 (ct
1088 3405 1149 3457 stip.
1168 3405 1220 3445 scr.
1239 3389 1259 3444 i.
1279 3389 1339 3458 diu)
1357 3391 1390 3444 0:

242 3473 276 3537 cs.
298 3473 409 3540 Purerp.
431 3489 461 3539 p.
485 3475 540 3524 419
655 3470 683 3524 V.
704 3475 848 3525 sss-901
869 3487 902 3524 ex
920 3472 1008 3524 altera
1025 3486 1076 3524 rec.
1096 3470 1194 3537 repetii
1213 3470 1390 3539 Arispaclrius

241 3569 268 3620 pr
293 3556 329 3605 37
438 3556 498 3604 884.
528 3550 626 3617 inpura
654 3552 689 3603 B.
723 3550 831 3619 impure
859 3551 958 3619 reliqui
1065 3567 1132 3602 num
1161 3548 1229 3617 quid
1254 3550 1286 3603 D

244 3648 375 3718 debetur]
395 3649 513 3702 debetur
527 3651 609 3717 pure,
627 3649 673 3701 sed
687 3665 739 3716 per
752 3650 824 3703 huuc
837 3665 925 3702 uocem
940 3649 1041 3702 lineola
1054 3649 1152 3712 ducta,
1171 3645 1202 3699 D
1257 3652 1320 3703 885.
1334 3666 1389 3703 mc

245 3727 334 3780 leatus
353 3729 432 3793 labri,
453 3729 567 3781 (uacuus
582 3746 611 3795 p.
632 3732 667 3781 13
739 3729 808 3797 quid
827 3729 1010 3783 Camerarius.
1031 3726 1097 3796 quia
1115 3728 1182 3781 libri
1276 3733 1336 3785 888.
1356 3729 1392 3783 Et

249 3823 302 3873 ego
322 3809 351 3859 ct
374 3806 422 3859 illc
446 3810 473 3859 tc
498 3810 653 3861 mactamus
677 3808 827 3863 Muellerus
853 3809 931 3862 Pras.
952 3825 982 3876 p.
1007 3813 1069 3862 333.
1098 3807 1135 3860 Et
1158 3822 1213 3875 ego
1236 3808 1267 3862 ts
1291 3809 1321 3863 at
1343 3808 1390 3863 ille

244 3886 401 3937 mactamus
419 3888 584 3947 (mattamus
600 3887 640 3943 F)
654 3888 728 3953 libri,
746 3888 921 3955 Bitschcliua
939 3890 989 3943 ribi
1006 3888 1114 3942 mactat
1132 3886 1265 3956 Gaium
1285 3888 1346 3958 Ego
1365 3892 1392 3943 at

244 3963 294 4017 ills
313 3966 341 4016 ts
361 3982 397 4016 m⁴
417 3965 603 4021 Hermunnus.
628 3969 665 4021 Et
684 3986 736 4038 ego
755 3972 784 4023 et
806 3968 865 4022 illic
889 3969 1044 4023 mactamus
1063 3968 1091 4022 ts
1115 3967 1246 4035 ancrus
1270 3969 1305 4022 dc
1319 3986 1390 4038 pros.

242 4061 269 4112 p.
290 4049 326 4097 18
412 4049 472 4101 887.
492 4045 522 4099 Si
541 4047 592 4101 tibi
618 4051 661 4101 cst
683 4049 814 4103 machara
833 4049 899 4102 iibri
920 4049 965 4112 (cle
985 4048 1068 4102 Festo
1092 4048 1127 4113 cf.
1146 4047 1264 4113 turia).
1294 4047 1324 4101 Si
1342 4048 1393 4102 tibi

244 4123 395 4179 machaera
414 4127 457 4179 cst
475 4126 543 4180 foris
565 4128 738 4195 Fulpeutius.
759 4128 821 4182 Tibi
841 4127 864 4181 si
884 4130 928 4182 cst
948 4127 1101 4182 machaera
1124 4143 1185 4180 curu
1205 4126 1314 4197 Guyeto
1332 4128 1390 4183 uu-

243 4206 366 4259 achclius.
387 4204 416 4258 Si
431 4206 483 4260 tibi
502 4209 652 4262 machaera
671 4212 715 4263 cst
732 4209 850 4263 Bothius
868 4225 929 4263 cum
944 4206 1100 4277 Fulpcutio.
1121 4205 1151 4259 Si
1165 4206 1222 4261 tibi
1242 4207 1392 4263 machaera

244 4285 424 4339 chriurmus
496 4291 526 4340 at
544 4286 624 4340 nobis
642 4289 804 4354 Acidulius,
823 4289 946 4358 Guyetus
963 4290 1011 4353 (cf.
1028 4288 1150 4351 Festus).
1170 4289 1201 4340 et
1219 4288 1303 4342 nobis
1322 4290 1391 4345 libri.

245 4365 276 4416 at
289 4365 358 4420 mihi
374 4366 548 4435 Fulpeutius.
568 4366 648 4420 nobis
663 4367 781 4422 Bothius
844 4368 961 4422 nemina
975 4371 1017 4421 ast
1031 4369 1151 4438 Pylaia
1165 4383 1227 4421 caim
1236 4365 1393 4438 Fulpeula'c.

245 4444 363 4497 uerbiua
382 4450 409 4499 st
426 4446 474 4500 13¹.
493 4446 618 4500 uerbena
636 4451 662 4500 st
680 4447 729 4502 Bl.
749 4446 850 4502 urbina
868 4449 911 4503 est
928 4449 1028 4518 relicui
1136 4451 1198 4500 888.
1218 4446 1282 4512 Qua
1301 4448 1329 4502 Z
