2948 5594
171 282 213 349 το
674 280 807 336 rusum
971 279 1011 335 Ν
1030 287 1056 350 s,
1074 284 1194 337 ar-ao.
1213 283 1312 334 sa-ae

170 445 236 524 Qui
256 446 302 510 mi
325 447 359 511 in
382 469 477 511 cursu
501 443 667 529 opstiterit
762 467 780 505 s
869 466 887 505 s
977 466 996 504 s
1085 464 1104 505 s
1194 464 1213 505 s

268 576 286 614 s
367 577 384 613 s
465 553 495 612 s
563 552 638 616 frixo
653 551 740 616 uitae
754 553 781 617 is
795 551 957 635 §xtemplo
974 547 1142 635 opstiterit
1155 571 1242 616 suae.

692 689 738 743 Hir
760 704 772 743 1

173 781 256 860 Quid
279 783 332 848 hic
355 781 453 847 homo
477 785 605 846 tantum
628 703 791 866 meipisiii
812 782 918 847 facere
941 803 1015 846 eum
1038 781 1141 847 tantis
1165 780 1289 865 minisi)

658 921 829 996 Encasmvs
839 991 841 995 ,

173 1011 268 1078 Prius
292 1014 381 1079 edico
405 1015 447 1077 nd
470 1013 542 1097 quis
565 1018 697 1096 propter
720 1014 849 1098 eulpam
872 1004 1021 1096 capiatur
1044 1034 1151 1077 suam:

175 1117 346 1184 Continete
369 1121 428 1184 uos
452 1118 549 1202 domi,
571 1119 742 1203 prohibete
766 1142 785 1184 a
807 1120 903 1184 uobis
926 1117 994 1184 uim
1018 1141 1134 1184 meam.

695 1259 741 1312 ΗΕ
762 1273 775 1312 1

174 1346 258 1414 Mira
277 1349 390 1435 edepol
410 1353 486 1415 sunt
503 1348 540 1415 ni
558 1350 611 1415 hic
630 1351 664 1414 in
683 1272 828 1415 ueniriim
849 1351 989 1435 sumpsit
1007 1348 1236 1416 confidentiam.
1255 1362 1295 1413 suc

176 1454 248 1520 Vae
270 1458 388 1521 misero
412 1456 461 1520 illi
486 1456 599 1540 quoius
623 1456 695 1521 cibo
719 1457 780 1520 iste
803 1457 925 1524 frictust
948 1456 1161 1541 imperiosior.

662 1596 831 1652 Enaasmvs

174 1687 255 1751 Tum
279 1688 418 1771 pistores
443 1688 629 1773 serdfipasci
653 1687 712 1773 qui
733 1688 825 1753 alunt
848 1687 1028 1753 furfuribds
1053 1710 1136 1767 sues,

175 1794 318 1869 Quarum
342 1794 440 1859 odora
463 1794 638 1878 praeterire
661 1795 756 1858 nimo
779 1794 971 1878 pristriniim
994 1799 1115 1880 potest,

176 1898 299 1964 Edrum
323 1900 436 1985 siege
460 1899 674 1986 quoiusquam
699 1900 840 1966 scrofam
863 1901 897 1964 in
921 1900 1052 1985 publico
1076 1902 1261 1986 conspirare,

176 1985 228 2070 ΕΧ
250 2006 331 2091 ipsis
355 2005 495 2072 dominis
518 2009 599 2073 meis
622 2007 742 2092 pugnis
765 2007 940 2073 exculcabo
963 2006 1115 2073 fiirfures.
1251 2018 1290 2068 81⁰

699 2145 798 2201 Hauro

177 2237 274 2304 Situs
297 2239 436 2323 homost,
458 2239 558 2303 habe't
580 2239 724 2323 profecto
748 2239 782 2301 in
806 2240 919 2304 ne'ntre
942 2238 1178 2304 confidintiam.

664 2379 834 2432 Encasmvs

178 2470 256 2534 Tium
280 2470 459 2554 piscatoris
483 2470 538 2554 qui
561 2469 756 2552 praehibent
779 2470 898 2552 populo
923 2469 1021 2552 piscis
1045 2469 1189 2552 foetidos,

179 2574 241 2651 Qui
265 2577 467 2640 riduchuntur
491 2575 746 2660 quadrupedanti
771 2575 927 2640 crucianti
950 2576 1129 2659 canthiriq

268 2775 330 2824 807.
361 2769 497 2823 Osteraas
511 2787 541 2838 p.
562 2773 629 2823 561.-
655 2768 868 2837 scrophipascus
888 2768 936 2835 qui
955 2769 1047 2836 pascit
1065 2784 1170 2836 porcos.
1205 2763 1291 2818 Plautus

180 2849 435 2920 ‘scrophipasci
464 2849 520 2919 qui
548 2849 645 2904 alunt
672 2849 803 2901 furfure
832 2850 924 2903 sues'
1023 2853 1085 2903 813.
1114 2848 1196 2902 Hunc
1215 2856 1293 2899 rasim

179 2933 297 3000 respexit
314 2931 457 2985 Ausonius
474 2931 565 2998 Epist.
583 2929 666 2982 XXI
677 2934 706 2995 2,
725 2932 773 2982 39:
792 2928 931 2981 trinodem
951 2928 1095 2996 dactylum
1116 2927 1179 2981 Vidi
1195 2924 1294 2995 paratum

180 3010 350 3066 crucianti
369 3009 547 3064 cantherio
585 3009 626 3075 Of.
648 3007 755 3062 Fronto
769 3026 799 3078 p.
818 3012 885 3077 220,
904 3015 929 3065 6.
949 3011 1012 3072 184,
1032 3013 1068 3061 16
1086 3009 1127 3062 cd.
1146 3007 1214 3061 Not.

182 3178 242 3225 801.
261 3171 332 3224 mihi
349 3168 477 3223 ΒΕΕΖ
547 3166 688 3236 opstiterit
705 3167 740 3221 Β,
760 3167 903 3221 obstiterit
922 3165 1052 3221 EJFZ:
1072 3184 1134 3222 erem
1152 3167 1230 3222 etis.
1246 3161 1296 3230 sput-

181 3252 211 3305 Ε
265 3251 410 3304 Lucrinam
428 3249 594 3318 siqrrificaoit
609 3246 641 3301 Ε
660 3248 697 3301 ed
715 3248 764 3300 hec
782 3249 944 3316 eaernplum:

245 3330 297 3396 Qui
316 3331 355 3383 mi
374 3329 403 3382 in
422 3347 504 3383 cursu
524 3329 666 3384 obstiterit
684 3328 777 3398 capite
796 3329 846 3381 aut
864 3327 959 3381 cubito
977 3329 1028 3381 aut
1041 3328 1161 3396 pedibus
1175 3328 1221 3380 aut
1233 3335 1297 3394 genu:

243 3412 316 3466 Nam
336 3410 384 3479 qui
403 3409 557 3477 obstiterit,
576 3409 641 3463 taxo
660 3426 680 3464 e.
700 3426 723 3478 q.
743 3425 765 3463 s.

181 3491 313 3547 uiteBF
364 3490 388 3544 is
407 3506 456 3544 em.
469 3488 506 3557 F,
525 3489 665 3558 extemplo
675 3488 700 3543 J
701 3488 731 3543 F
783 3486 852 3542 obst.
869 3484 980 3554 esurie)
1036 3491 1096 3541 803.
1111 3485 1208 3555 nequis
1219 3479 1271 3538 BF
1275 3477 1302 3548 (Ἴ

235 3569 493 3626 804.ContinsreZ
541 3569 795 3623 domieadomuB
846 3566 1068 3621 assuenda*
1117 3559 1280 3621 cuiusBEZ

181 3650 357 3718 imperiosior
366 3649 404 3716 Β,
420 3650 467 3703 sed
481 3649 581 3702 riosior
590 3651 653 3703 add.
665 3649 713 3703 B'.
728 3647 880 3716 impensior
890 3649 918 3714 (ο
932 3662 965 3699 ex
979 3660 996 3698 a
1009 3652 1041 3700 ut
1055 3648 1122 3715 vid.)
1133 3647 1162 3700 E
1174 3663 1230 3701 aem
1239 3643 1259 3698 J
1263 3639 1286 3695 F
1288 3636 1306 3693 Ζ

182 3732 220 3797 (⁸⁸)
275 3735 334 3782 807.
355 3728 466 3797 scrophi
485 3729 562 3797 pasci
581 3728 708 3782 BEJF.
729 3724 904 3794 scrophipaci
925 3725 952 3776 Z
1020 3724 1174 3779 furfuribus
1192 3722 1306 3778 Lousia

182 3811 215 3861 in
233 3808 351 3861 Studeas.
372 3808 451 3861 Seue.
470 3809 492 3861 I
503 3826 532 3876 p.
552 3814 595 3862 56.
615 3808 720 3861 furfure
741 3808 806 3862 iibri
824 3805 860 3872 (²¹³)
951 3809 1010 3858 808.
1031 3803 1166 3873 preterire
1184 3803 1244 3857 BF

184 3885 344 3956 pistrinium
364 3886 394 3939 Ε
465 3893 524 3942 809.
545 3890 567 3941 si
587 3904 639 3958 ego
659 3887 843 3956 quoiusquam
863 3883 895 3938 dd
915 3886 960 3953 (cs.
980 3901 1003 3938 o.
1024 3888 1088 3938 815.
1109 3888 1185 3953 821).
1206 3881 1306 3951 siquoius

184 3982 268 4033 quam
287 3966 322 4019 B.
343 3967 366 4018 si
386 3983 440 4033 quo
458 3968 501 4020 uis
521 3984 605 4035 quom
624 3968 684 4022 Εὖ.
704 3967 728 4019 si
747 3965 934 4034 quoiusquam
951 3963 986 4018 F.
1007 3964 1030 4016 si
1049 3964 1233 4033 quouisquum
1250 3961 1272 4016 Z

184 4045 332 4115 scropham
352 4047 417 4101 iibri
436 4045 473 4116 (*)
546 4053 605 4102 810.
625 4046 669 4100 fur
687 4046 761 4100 fures
780 4046 804 4099 J
848 4045 914 4098 Post
933 4045 1005 4097 istinc
1022 4060 1130 4097 acrama
1149 4044 1213 4098 tetri
1229 4042 1307 4097 utet

182 4144 260 4198 quern
279 4128 351 4181 inter
369 4144 393 4180 v.
413 4131 468 4181 816
485 4144 521 4196 sq.
544 4129 707 4196 interposuit
725 4124 757 4182 Ε
840 4128 900 4176 811.
920 4123 1035 4176 homnst
1052 4122 1088 4176 E.
1108 4123 1193 4177 homo
1210 4126 1249 4178 est
1264 4116 1308 4173 ΡΖ

184 4206 220 4276 (*)
294 4211 353 4259 812.
377 4207 514 4274 praebent
532 4207 598 4261 libri
616 4204 746 4273 (prebent
763 4204 833 4258 ΒΕ.
856 4203 961 4272 populo
981 4202 1099 4272 prebent
1118 4202 1161 4271 F)
1236 4199 1344 4271 pisces*

136 4346 137 4350 κ
183 4322 249 4377 itura
329 4319 432 4376 sttruos
451 4322 519 4377 nr.
544 4322 571 4375 n
590 4294 664 4376 tuos
683 4319 714 4372 a*
788 4324 848 4373 sia.
868 4318 1117 4389 quadrupedantia
1134 4319 1183 4387 13¹,
1200 4333 1260 4373 corr.
1274 4312 1305 4367 13²

255 4401 387 4457 crutiauti
405 4401 436 4455 Ε
506 4399 631 4457 canterio
651 4400 681 4454 F
