2948 5594
204 289 257 344 XX
675 288 881 344 PRAEFATIO

206 454 257 516 nis
284 452 608 537 interpolationisque
636 452 719 517 alios
743 451 777 516 E
797 452 880 517 alios
907 451 936 517 J
961 452 1011 516 rel
1044 451 1192 537 geminos
1221 451 1358 517 illorum

206 559 365 624 habuisse.
412 559 626 643 Nequaquam
646 566 754 624 autem
775 559 950 644 singularis
975 563 1025 624 est
1043 581 1223 625 consensus
1245 581 1390 624 recen*-

206 666 306 730 sionis
329 666 432 731 Italae
457 688 529 730 cunr
553 667 661 731 codice
690 667 730 751 V,
758 689 830 732 cum
859 667 887 730 is
916 670 1026 731 tamen
1048 666 1195 751 proxime
1219 688 1291 731 cum
1312 653 1414 730 ad

203 772 234 837 J
252 778 320 839 tum
345 774 385 838 ad
407 775 441 837 E
463 773 603 838 accedat.

295 879 389 946 Hunc
417 880 534 944 librum
565 902 636 944 eum
665 879 784 944 dudum
809 879 1006 964 Gronovius,
1032 879 1195 963 Bosscha,
1218 880 1436 965 deniqu3

204 984 453 1072 Franckenus*)
483 987 708 1071 adscivissent,
736 988 859 1069 primus
883 988 1064 1052 accuratius
1088 986 1262 1072 descripsit
1283 987 1415 1071 plu-—
1432 1015 1445 1024 ·

205 1096 314 1180 risque
337 1095 416 1158 fecit
439 1092 469 1159 J.
494 1092 523 1157 8.
548 1092 709 1177 Speijerus
733 1092 785 1158 ‘ad
809 1093 918 1159 Plauti
941 1093 1109 1179 Captivos'
1136 1093 1173 1158 in
1197 1093 1354 1159 Mnemos.
1388 1107 1450 1150 ὃ·

204 1201 244 1267 N.
269 1201 300 1268 S.
323 1200 403 1266 XVI
427 1199 468 1287 (a.
497 1199 595 1286 1888)
618 1224 648 1284 p.
675 1203 738 1265 124
749 1200 888 1287 sqq.**).
934 1202 997 1279 Qui
1022 1224 1095 1267 cum
1118 1200 1201 1267 mibi
1223 1223 1454 1288 persua-a·

204 1309 302 1373 sisset
325 1308 434 1373 eodem
460 1309 510 1371 vel
534 1309 657 1373 maiore
679 1308 747 1373 iure
771 1331 834 1392 quo
857 1308 924 1373 Ε]
942 1309 1028 1375 hunc
1057 1329 1186 1393 quoque
1209 1308 1454 1374 codicentm

203 1417 237 1480 in
265 1420 457 1499 apparatum
491 1414 711 1479 adhibendum
742 1437 827 1499 esse,
862 1415 974 1480 statim
1002 1415 1069 1480 adii
1091 1413 1291 1480 Guilelmum
1311 1413 1378 1481 N-
1394 1406 1456 1474 Ἰ.

202 1522 243 1586 du
268 1521 351 1586 Rieu
376 1521 577 1604 Leidensem,
607 1522 710 1585 virum
734 1522 964 1605 clarissimum,
986 1526 1023 1586 ut
1046 1522 1167 1586 librum
1193 1522 1454 1587 conferes-1·

89 1647 91 1650 ’
202 1628 278 1692 dum
299 1629 362 1692 huc
382 1629 632 1692 transmitteret:
656 1629 747 1712 isque
769 1651 831 1712 qua
850 1629 934 1693 solet
956 1628 1161 1693 humanitate
1181 1651 1220 1694 ac
1238 1628 1403 1693 libera-
1420 1654 1455 1688 2·-

202 1735 295 1800 litate
311 1736 460 1819 precibus
480 1736 725 1818 obtemperavit
772 1734 885 1820 ltaque
904 1736 988 1800 etin
1006 1735 1068 1801 hac
1087 1735 1234 1800 editione
1257 1758 1398 1820 appa-
1406 1762 1451 1796 -·.·

203 1848 310 1907 ratum
335 1865 373 1907 ex
402 1843 527 1908 Vauxi
550 1880 592 1888 -
617 1865 712 1927 quem
741 1842 797 1927 qui
825 1865 898 1907 cnm
928 1865 1004 1907 cura
1026 1843 1252 1927 perlustrant,
1280 1864 1447 1907 eunt]

200 1971 267 2015 non
300 1950 405 2035 fugiet
437 1950 556 2014 codicis
586 1955 618 2013 et
648 1949 682 2012 in
710 1950 880 2033 scripturis
908 1949 1073 2014 nonnullis
1102 1953 1135 2014 et
1163 1950 1200 2015 in
1230 1951 1443 2016 lacuni-

202 2056 369 2141 signandis
399 2060 433 2121 et
463 2056 497 2119 in
526 2056 599 2120 aliis
627 2056 722 2120 rebus
751 2056 952 2140 praestantia
978 2093 1016 2102 -
1042 2056 1137 2121 etin
1165 2054 1437 2122 CistellariE

202 2162 325 2227 edenda
354 2185 429 2227 mox
462 2162 629 2227 exhibebo.
676 2162 830 2246 Reliquas
858 2166 967 2247 parles
998 2162 1109 2227 eadem
1137 2164 1269 2229 ratione
1294 2186 1432 2250 pen

201 2269 286 2335 hanc
318 2269 552 2353 praefationem
582 2269 820 2333 communicare
847 2270 942 2334 nobis
965 2269 1070 2334 visum
1095 2273 1159 2354 est,
1187 2293 1253 2355 qua
1274 2269 1368 2354 Epi—
1391 2308 1420 2320 -

202 2377 265 2441 dici
298 2380 490 2460 apparatum
522 2399 559 2440 ex
592 2375 627 2439 E
657 2376 690 2438 in
723 2373 927 2441 Cureulionis
960 2376 1165 2461 praefatione
1199 2376 1409 2443 Goetaqu

203 2485 373 2569 supplevit.
420 2482 573 2548 Continet
597 2488 705 2546 autem
736 2482 833 2547 codex
862 2483 1066 2547 Aululariam
1091 2483 1282 2549 mutilatam
1304 2520 1393 2532 -

202 2592 257 2656 sed
281 2614 351 2655 earn
376 2592 479 2674 ipsam
504 2593 630 2673 partem
655 2591 805 2673 servavit,
828 2591 862 2653 in
886 2613 949 2675 qua
972 2590 1079 2655 delicit
1101 2592 1137 2655 Ε
1158 2595 1378 2675 —etpost

202 2699 315 2783 plenas
332 2697 512 2762 comoedias
527 2701 681 2780 quattuor
692 2694 862 2781 (Captivos
874 2695 1166 2782 Curculionemque
1176 2703 1250 2763 ante
1261 2696 1360 2764 casi-

201 2828 276 2870 nam
297 2802 592 2887 Cistellariamque)
616 2802 743 2885 Epidici
769 2804 944 2868 exordium.
991 2803 1085 2869 Vnde
1110 2811 1228 2889 sponte
1251 2826 1347 2888 appa·

200 2918 249 2975 ret
272 2935 347 2976 casu
372 2916 497 2975 tantum
530 2914 563 2973 et
591 2910 747 2992 reliquam
771 2910 897 2993 Epidici
920 2915 1048 2994 partem
1077 2914 1110 2975 et
1134 2912 1337 2997 Amphitruo-

200 3041 273 3081 nem
290 3019 536 3101 Asinariamque
556 3040 620 3081 una
639 3040 712 3081 cum
728 3017 917 3082 Aululariae
939 3019 1070 3083 exordio
1091 3020 1170 3083 olim
1185 3020 1331 3084 abscissas

140 3158 143 3163 ·
201 3148 238 3189 ac
262 3126 445 3208 deperditas
465 3148 545 3191 esse.
592 3124 837 3209 Quinquaginta
855 3130 888 3188 et
911 3149 966 3189 sex
990 3148 1072 3209 quae
1096 3131 1229 3190 exstant
1251 3147 1330 3190 mem·

202 3233 322 3295 branae
343 3233 470 3296 vicenos
491 3236 665 3315 quaternos
685 3253 796 3295 versus
816 3233 849 3295 in
869 3255 1059 3317 unaquaque
1083 3235 1206 3319 pagina
1229 3232 1329 3296 habent

201 3339 361 3423 matrique
386 3340 564 3402 interstitia
588 3339 684 3402 morlo
707 3339 793 3401 iusta
817 3339 912 3403 modo
940 3362 1108 3424 perperam
1132 3341 1253 3405 tradita
1273 3359 1329 3422 spa·

199 3446 254 3510 tiis
288 3451 419 3511 servant
450 3447 648 3530 plerumque.
695 3444 947 3529 Discriptionem
980 3449 1087 3511 autem
1121 3449 1153 3511 in
1188 3448 1233 3511 eis
1264 3464 1329 3528 quae

290 3711 317 3779 ²¹²)
337 3712 467 3764 Ceterum
491 3729 525 3765 ne
551 3712 612 3779 quis
635 3711 752 3765 miretur
775 3712 849 3780 quod
874 3711 903 3764 in
927 3711 980 3764 hac
998 3711 1098 3765 fabula
1117 3729 1251 3780 nusquam
1270 3727 1330 3764 coru·
1423 3719 1426 3724 '
1457 3698 1462 3727 ²

188 3791 351 3845 ¹memorari
375 3793 581 3858 lerunekenum,
608 3809 691 3860 quem
717 3792 746 3845 in
771 3792 904 3845 Mnemoa.
931 3790 965 3845 N.
987 3792 1013 3846 S.
1039 3791 1089 3846 Vll
1113 3812 1140 3862 p.
1164 3798 1214 3845 184
1225 3810 1280 3861 sqq.
1304 3788 1330 3840 de
1463 3787 1470 3795 '

200 3870 301 3923 Casina
321 3870 478 3938 disputasse
499 3872 661 3927 Schwabius
681 3875 801 3926 testatur
824 3873 852 3924 in
875 3872 1000 3926 editione
1025 3889 1100 3927 nova
1118 3873 1253 3927 historiae
1270 3872 1331 3924 litte

199 3967 292 4003 rarum
312 3950 500 4004 ltonranarum
521 3952 710 4005 'seuffeliauae
729 3970 755 4021 p.
776 3958 843 4020 152,
862 3951 941 4006 illam
961 3952 1184 4022 disputationem
1203 3956 1288 4008 totam
1303 3947 1331 4002 ad

199 4029 345 4099 Epidicum
366 4031 506 4100 pertinere
526 4049 632 4086 moneo.

288 4109 329 4180 **)
349 4111 464 4165 Adscito
493 4112 590 4165 codice
620 4111 755 4166 Vossiano
784 4130 846 4166 cum
875 4113 947 4167 bene
975 4113 1092 4168 meritus
1122 4114 1160 4168 sit
1186 4115 1220 4168 de
1244 4112 1331 4166 Plauto

199 4191 307 4245 edendo
332 4190 486 4261 Speijerua,
516 4193 602 4246 nolim
627 4193 679 4246 hoc
704 4193 766 4247 loco
790 4194 934 4263 exagitare
958 4197 1008 4248 ant
1034 4192 1130 4248 iudicii
1149 4193 1329 4262 petulantiam,

199 4272 300 4338 quain
321 4288 365 4325 me
384 4272 510 4326 invectus
531 4276 586 4337 est,
611 4275 659 4325 aut
686 4290 821 4326 summam
842 4273 997 4342 inscitiam,
1021 4293 1078 4342 qua
1097 4277 1133 4329 ad
1152 4276 1243 4344 ipsum
1262 4272 1330 4326 Plau·

198 4351 257 4402 tum
286 4369 433 4420 aggressus
458 4355 507 4405 est.
545 4352 643 4420 Neque
668 4351 690 4406 si
714 4353 812 4407 iterum
833 4353 1020 4424 lacessiverit,
1048 4355 1241 4424 respondebo,
1265 4353 1330 4406 anle-

199 4446 282 4498 quam
302 4431 412 4487 idoneis
431 4432 545 4486 arbitris
564 4434 691 4502 probarit
710 4449 739 4488 se
759 4435 788 4487 in
805 4433 906 4490 Plauto
925 4433 972 4490 vel
990 4433 1135 4490 tantillum
1153 4434 1305 4505 profecisse.
