2948 5594
661 327 796 383 uenum
1119 327 1134 381 1
1153 334 1179 396 1,
1198 332 1301 383 n-se

677 487 792 542 Buccme
1122 534 1126 541 .

344 563 442 663 Apud
461 603 522 664 me,
541 581 585 644 mi
605 581 725 645 anime:
748 584 785 643 ub
803 579 931 663 lepidus
949 601 1023 643 cum
1038 578 1146 663 lepide
1165 580 1304 647 decubet

163 688 268 752 Licus
287 687 340 751 hic
360 687 444 771 apud
463 709 532 770 nos,
555 687 703 772 quemuis
725 686 834 750 subibo
853 686 975 770 uenias,
998 708 1126 770 semper
1143 686 1232 752 liber
1250 694 1305 754 eei

161 771 225 862 Vbi
249 798 285 859 bu
309 794 413 878 lepide
436 795 525 858 udles
550 816 620 858 esse
643 794 719 876 tibi,
743 795 816 857 mea
837 815 925 876 rosc,
948 792 1028 856 mihi
1053 791 1165 859 dicito:

163 901 260 965 ‘Deio
281 902 336 985 qui
352 903 432 966 bene
447 901 511 965 sib'.
535 904 595 986 ego
615 902 669 965 ubi
689 901 772 964 bene
790 900 833 964 eit
851 898 912 963 bibi
927 900 1033 965 locum
1053 900 1197 985 lepidum
1216 901 1306 967 dabo.

644 1018 825 1085 Pmuocuunve

163 1123 306 1207 deidue
331 1123 447 1187 fluuius
472 1126 521 1186 est
543 1123 608 1187 hic:
632 1145 697 1186 non
719 1122 780 1186 hac
802 1124 924 1187 timere
947 1122 1082 1187 transiri
1104 1127 1222 1206 pobeeb
1271 1141 1303 1190 eb

677 1253 792 1306 Buccme

163 1328 272 1431 dique
295 1325 423 1410 ecastor
450 1344 534 1428 dpud
563 1344 649 1408 hune
676 1344 809 1408 fluuium
838 1345 958 1428 eliquid
981 1345 1215 1429 perdundumst
1237 1349 1303 1412 tibi.
1335 1366 1337 1371 ·

163 1453 296 1533 Menum
320 1452 361 1515 da
384 1456 417 1516 eb
441 1473 582 1536 sequere.

648 1537 824 1591 Pmnceuunvs

587 1628 641 1693 Ah
664 1627 815 1692 minume.

678 1756 793 1812 Buccme

793 1849 876 1926 Quid
899 1849 967 1914 ibe?

540 1989 542 1993 ⁴
645 1972 825 2025 Premcunuvs

878 2043 962 2122 Quin
977 2045 1061 2110 isboc
1075 2043 1301 2110 inlecebrbsius

164 2152 249 2216 Fie'ri
272 2153 319 2216 nil
342 2154 465 2236 potest:
492 2174 570 2234 nox,
598 2152 726 2234 mulier,
755 2149 881 2235 uinum,
909 2152 1034 2217 homini
1057 2151 1302 2217 adulescentulo.

235 2315 277 2364 86.
298 2310 406 2364 Charis.
421 2327 453 2379 p.
472 2314 541 2376 221,
556 2314 606 2363 11:
625 2309 764 2363 T'emere
782 2326 833 2378 pro
851 2309 935 2364 facile
954 2307 1097 2365 Pleulue
1116 2308 1147 2362 in
1166 2305 1302 2363 Bacchi·

164 2389 277 2444 dibus:
299 2390 456 2459 ‘rapidus
547 2390 678 2458 pobeet'
754 2389 828 2443 Seru.
848 2389 923 2444 Dan.
942 2390 981 2444 ud
998 2389 1068 2445 Aen.
1087 2389 1139 2443 IX
1157 2393 1227 2445 327.-
1244 2388 1300 2441 Te—

163 2487 252 2525 mere
271 2470 413 2540 eignificnt
430 2472 460 2524 ct
477 2469 567 2525 facile.
587 2468 742 2523 Pleubue:
762 2484 903 2538 mugnus
921 2471 974 2524 est
991 2469 1048 2524 hic
1066 2510 1072 2523 .
1089 2513 1095 2526 .
1112 2510 1118 2522 .
1137 2468 1269 2540 poteeb’

165 2551 203 2616 (7Ῑῖ
216 2551 411 2604 uenalem.
423 2551 474 2602 IX
488 2567 512 2602 e.
525 2552 579 2602 373
633 2554 675 2602 87.
691 2554 734 2602 88.
750 2547 855 2603 Cbans.
868 2566 898 2618 p.
908 2554 978 2614 202,
989 2553 1037 2603 34.-
1051 2546 1302 2603 Inlecebroeiue

163 2629 304 2683 Plenius
318 2629 347 2682 in
360 2627 603 2683 Bacchidibus:
625 2628 732 2684 ‘istnc
747 2669 753 2680 .
769 2671 776 2682 .
792 2670 798 2682 .
814 2629 947 2696 potesb'
1004 2627 1302 2697 Donatusudddelpb.

164 2711 265 2775 1114,
279 2713 330 2763 24.-
349 2709 491 2763 Pluubus
510 2708 538 2761 in
558 2707 799 2763 Bacchidibus:
821 2708 917 2776 ‘quie
936 2749 942 2762 .
959 2753 964 2764 .
981 2751 987 2763 .
1006 2707 1285 2764 adolescentulo’

235 2857 277 2905 82.
297 2853 366 2920 aput
383 2851 432 2905 13¹.
452 2849 528 2919 epnd
545 2850 587 2903 13²
659 2856 701 2905 83.
720 2853 751 2904 tn
770 2849 865 2920 lepide
883 2851 961 2905 uoles
986 2867 1046 2905 esse
1063 2850 1118 2905 bibi
1136 2852 1211 2906 libri.
1230 2850 1304 2905 uoles

163 2934 194 2984 tu
203 2929 257 2984 tibi
266 2946 326 2983 esee
336 2928 430 2998 lepide
444 2928 609 2983 Rileebelius
623 2930 680 2984 coll.
696 2930 801 3000 Proleq.
815 2930 840 2983 Τ
838 2932 893 2985 rin.
905 2948 934 3000 p.
947 2931 1087 2985 CXLIX.
1104 2930 1262 2986 ccxxv!
1268 2946 1303 2998 eq.

162 3015 194 3064 tu
212 3010 284 3064 bene
302 3010 380 3063 uoles
399 3009 454 3064 bibi
473 3026 533 3063 esee
552 3010 730 3064 Henmuuus
749 3011 850 3064 Iabnii
867 3013 971 3066 Auerni.
989 3012 1040 3065 eol.
1063 3012 1148 3064 XIX
1164 3016 1203 3078 (u.
1222 3013 1306 3076 1337)

161 3108 190 3159 p.
205 3094 270 3146 273.
297 3089 375 3143 ucles
395 3088 448 3143 bibi
471 3106 532 3143 esee
555 3089 648 3157 lepide
671 3090 741 3144 idem
764 3090 857 3144 edidit.
887 3089 931 3143 De
945 3090 1004 3144 ules
1022 3092 1082 3145 ucli
1105 3092 1226 3160 cubilare
1248 3106 1304 3144 euru

163 3170 269 3224 Kocbio
283 3169 352 3223 Nou.
368 3171 463 3224 auucl.
482 3171 533 3224 vol.
550 3169 592 3223 01
609 3173 750 3237 (a.1870)
767 3187 794 3238 p.
814 3174 870 3224 685
942 3185 1005 3225 mee
1023 3187 1101 3238 rosc,
1120 3170 1194 3225 mihi
1207 3170 1306 3224 dicite:

162 3251 336 3318 iruerpuueit
359 3249 522 3303 Riteebelius
539 3255 621 3304 recle:
649 3251 683 3315 ef.
707 3251 788 3303 Asin.
813 3253 875 3303 664.
901 3265 964 3303 mee
986 3267 1050 3305 rose.
1072 3252 1111 3305 ud
1133 3251 1217 3305 cerba
1236 3250 1306 3303 Delo

162 3348 183 3385 e.
203 3348 226 3399 q.
245 3346 266 3384 c.
285 3331 419 3384 consteruit
437 3329 592 3383 Lambinus
669 3334 710 3384 84.
730 3328 773 3384 ΡΙ.
789 3346 894 3397 praem
916 3330 947 3384 F
1015 3329 1059 3385 De
1077 3333 1111 3385 bu
1128 3330 1306 3386 Rilsebelius:

162 3411 196 3476 cf.
219 3410 324 3479 Proley.
347 3409 425 3463 Trlu.
441 3427 470 3479 p.
491 3409 669 3463 CCLXVII
734 3410 893 3480 quibeneeit
911 3412 941 3465 D
999 3410 1044 3464 eit.
1063 3409 1121 3464 Bu
1141 3427 1196 3481 ego
1214 3409 1245 3463 F

163 3492 210 3545 ubi
229 3490 300 3545 bene
320 3491 357 3544 sib
371 3490 444 3543 libri.
464 3488 512 3542 ubi
532 3489 569 3543 sit
586 3488 759 3546 Rr'lscbelius.
779 3491 850 3544 bene
870 3489 918 3544 ubi
937 3490 975 3544 sit
992 3490 1063 3544 idem
1083 3489 1183 3558 Optem.
1202 3490 1251 3543 eol
1268 3488 1308 3542 ΙΙ

159 3589 187 3640 p.
203 3577 256 3626 305
318 3570 442 3624 ‘Licebat
456 3571 550 3636 eliam,
568 3570 614 3623 sed
628 3570 738 3638 leuqiru
752 3590 769 3625 a
784 3572 876 3625 libris:
895 3569 938 3622 De
952 3569 1000 3637 qui
1014 3569 1086 3624 benc
1101 3571 1151 3639 rit,
1170 3587 1224 3640 ego
1238 3571 1307 3626 bene

163 3651 212 3705 ubi
232 3651 284 3705 eib’
306 3650 471 3706 Rilselulius
565 3655 607 3704 85.
626 3650 752 3719 Rapidus
772 3649 872 3705 fluuius
891 3652 935 3704 esb
952 3649 999 3703 hie
1017 3650 1083 3704 libri
1100 3667 1163 3705 mem
1183 3650 1309 3706 Gbcmrio

161 3737 186 3783 el
209 3732 303 3784 Senio
328 3729 403 3784 Dan.
421 3731 570 3798 posteriore
594 3731 657 3784 loce.
683 3729 802 3799 Magnus
826 3731 871 3783 esb
897 3728 943 3783 hic
971 3727 1071 3785 fluuius
1095 3731 1210 3786 Servius
1231 3732 1306 3787 Due.

157 3811 252 3878 priore
271 3811 327 3863 loeo
417 3826 471 3863 non
492 3811 545 3864 hnc
564 3826 632 3864 cerr.
652 3810 695 3863 D³
713 3827 747 3864 ex
765 3826 820 3864 non
841 3826 873 3863 ec
892 3808 959 3878 (12¹)
1048 3809 1164 3865 transiri
1184 3809 1307 3867 B¹0D¹.

161 3889 278 3942 transire
298 3889 386 3941 B¹D¹
476 3896 518 3946 86.
539 3889 607 3961 ΒΑ.]
634 3889 702 3943 ΑΒ
791 3890 928 3944 castcrb'
1016 3891 1087 3959 aput
1105 3889 1155 3945 3².
1175 3892 1252 3962 apud
1269 3892 1310 3947 Βι

234 3967 376 4021 fluuiumeb
400 3974 424 4021 et
448 3986 511 4024 mox
535 3970 708 4039 perdundum
735 3969 901 4024 Rilecbeliue
924 3971 1001 4024 olim:
1029 3971 1064 4037 cf.
1094 3971 1203 4042 Proleq.
1229 3972 1308 4028 Trite

159 4065 189 4117 p.
208 4047 306 4101 oxu]
312 4047 347 4101 V:
368 4049 520 4104 Muellerus
539 4050 615 4106 Ptos.
630 4067 659 4119 p.
676 4055 730 4105 549
749 4048 833 4104 hodie
854 4050 895 4103 nel
913 4048 970 4102 iem
987 4049 1029 4105 nel
1045 4065 1121 4104 nnnc
1138 4051 1310 4109 suescunt

160 4130 318 4198 suspicatur
371 4129 574 4195 perdundumst
584 4130 618 4184 B.
633 4131 808 4198 perdundum
823 4134 866 4186 est
878 4132 978 4200 reliqui
1027 4135 1070 4185 87.
1085 4129 1125 4184 de
1138 4148 1309 4201 consequere

162 4209 222 4261 ΓΖ
282 4208 317 4261 eh
334 4205 370 4261 F.
389 4209 445 4261 ehu
458 4210 558 4278 reliqui
616 4211 731 4265 minime
751 4212 816 4265 libri
870 4210 940 4282 ΒΑ.]
955 4214 978 4265 A
993 4211 1020 4264 B
1073 4211 1159 4283 ieme]
1178 4212 1232 4267 hoc
1251 4214 1308 4269 eod.

164 4289 291 4344 Cerennio.
317 4289 426 4342 noenu
532 4290 732 4344 inlecebrosins
757 4291 798 4358 B,
823 4291 967 4346 Charisius
988 4306 1090 4346 eecrr.
1115 4290 1309 4348 illecebrosius

163 4368 218 4420 01)
226 4369 259 4420 F.
279 4365 454 4423 cerebroeius
473 4368 530 4422 eod.
552 4368 681 4426 Carinum.
703 4370 818 4426 Donati.
839 4370 1021 4426 illecebrosus
1040 4372 1067 4425 Z
1175 4377 1219 4427 88.
1237 4374 1310 4428 nihil

161 4448 240 4502 libri:
254 4464 303 4503 em.
319 4449 377 4502 eorl.
393 4448 524 4502 Guueuie.
539 4449 648 4503 Dureau
696 4452 764 4519 pete
778 4467 863 4517 quem
878 4450 1005 4505 Gentius
1054 4446 1313 4506 adolescentulob'
