2948 5594
243 339 285 403 18
719 333 912 390 PROLOGVS
1140 333 1213 388 Ptol.
1239 338 1389 388 lus-1⁶2

243 499 305 564 Sed
329 483 577 584 Amphitruonis
599 495 671 561 illic
696 501 822 560 seruost
845 495 953 579 Sdsia,

242 607 272 670 A
296 609 390 689 psirtu
415 607 469 690 qui
492 626 578 668 nunc
600 608 673 667 cum
696 604 846 666 lanterna
868 601 930 665 huc
954 600 1092 664 iduenit.

243 712 383 797 Abigcm
406 712 476 775 ism·
496 731 555 795 ego
579 710 678 773 illunc
703 708 927 772 iduenientcm
953 708 993 771 ab
1018 707 1159 772 aedibus.
1339 724 1390 772 luc

242 819 378 900 Adeste,
407 820 469 882 erit
493 838 610 900 operae
633 815 787 898 pretium:
815 836 900 878 nunc
924 814 1113 897 spectibitis

243 924 355 991 Iouem
379 928 412 989 et
434 923 628 989 Mercurium
651 922 757 985 ficere
781 921 833 984 hic
855 920 1072 984 histridniam.

317 1122 375 1171 148.
400 1115 596 1186 amphitrionis
619 1114 689 1170 BD.
727 1112 932 1182 amphytrionis
958 1113 989 1165 E
1076 1111 1164 1169 illicst
1191 1113 1329 1168 Luelssius
1357 1115 1391 1168 de

244 1213 303 1263 ceu.
323 1197 402 1261 furtu
417 1213 448 1264 p.
468 1200 511 1250 47.
549 1195 626 1249 illest
643 1194 769 1249 Bolbius.
810 1191 859 1246 illc
883 1191 1027 1261 Ussiupius
1116 1196 1225 1248 seruost
1246 1192 1319 1246 Lo:
1347 1196 1392 1247 cst

246 1293 342 1331 seruus
361 1276 433 1329 libri.
467 1276 510 1329 De
529 1277 573 1329 est
589 1275 661 1340 sulec
680 1273 809 1328 collocato
827 1274 928 1341 sopitat
946 1273 1026 1325 etiam
1048 1273 1200 1328 Muellerus
1213 1290 1243 1342 p.
1263 1277 1318 1327 331

246 1360 304 1408 149.
330 1354 383 1418 Qui
407 1353 466 1408 illic
491 1371 508 1408 u
530 1356 614 1423 portu
636 1370 723 1419 nunc,
752 1354 785 1406 iu
810 1352 865 1418 fine
891 1352 946 1404 huc
971 1369 1022 1407 ons.
1046 1352 1224 1417 Ritscbelius,
1251 1352 1393 1408 laudunus

243 1434 362 1487 Hermae
389 1438 408 1489 t.
432 1438 450 1486 6
472 1440 510 1498 (a.
534 1437 623 1500 1872)
640 1450 671 1502 ρ.
695 1436 766 1496 275,
790 1433 838 1500 qui
860 1433 942 1486 etiam
964 1434 988 1485 A
1011 1434 1093 1502 portu
1121 1431 1169 1500 qui
1196 1431 1255 1486 illic
1342 1434 1392 1502 qui

244 1512 314 1567 Lo.-
338 1511 398 1565 illic
417 1513 483 1566 libri
554 1513 663 1566 laterna
681 1512 709 1564 B
780 1511 835 1565 huc
853 1511 917 1565 add.
938 1509 1127 1566 Camerarius:
1147 1527 1197 1565 cm.
1216 1511 1296 1578 libri,
1316 1515 1392 1568 unde

244 1590 373 1646 laternad
398 1592 529 1659 Bellicus,
557 1592 722 1646 Rilsclselius
744 1590 815 1645 Ecce.
843 1589 887 1643 Pl.
911 1607 937 1643 u.
960 1607 990 1658 p.
1014 1595 1053 1645 62
1076 1592 1159 1654 (idun
1182 1590 1283 1660 pcrtnd
1304 1595 1392 1647 scribi
1434 1662 1441 1670 .

242 1686 320 1740 posse
336 1676 424 1724 mosset
444 1670 542 1738 Opsuse.
561 1676 580 1725 t.
596 1675 613 1724 3
630 1674 745 1738 11126.-
768 1671 852 1738 portu
875 1670 929 1723 huc
950 1671 1101 1725 Muellerus
1117 1689 1146 1739 p.
1166 1674 1228 1727 339.
1247 1675 1316 1737 527)

245 1756 304 1804 150.
329 1750 476 1820 Abigsm[
498 1749 526 1802 J.
555 1748 703 1818 Ambigam
727 1748 757 1802 D
827 1748 914 1802 illunc
939 1747 1126 1817 Camerarius,
1153 1750 1277 1804 Heiutus:
1306 1749 1392 1805 illum

244 1830 310 1883 libri
390 1828 504 1883 iamiam
532 1828 612 1882 illum
636 1845 689 1896 ego
716 1827 837 1899 Pylades
928 1829 1009 1882 illum
1036 1829 1231 1884 aduenientem
1259 1829 1325 1884 hinc
1355 1831 1392 1886 ab

212 1926 215 1932 ·
248 1908 355 1962 Parcus
427 1908 525 1981 edibus
543 1908 581 1960 B.
612 1906 710 1961 edibus
729 1907 759 1960 D
840 1907 975 1962 cbedibus
996 1908 1027 1962 E
1108 1914 1166 1964 151.
1190 1908 1308 1964 Adeste:
1336 1911 1394 1965 erit

247 1988 403 2042 Palmerius
421 1990 517 2056 Spieil.
534 2006 563 2057 p.
584 1993 652 2043 749:
680 1987 768 2042 Adest
785 1986 851 2041 ferit
868 1989 941 2042 libri.
973 1987 1029 2052 (id
1048 1990 1098 2042 est.
1118 1988 1130 2058 [
1148 1988 1188 2054 J).
1221 1988 1315 2043 Adest
1336 1991 1393 2045 erit

247 2067 376 2121 Muretus
394 2072 457 2122 teste
478 2069 658 2122 Yaubmcuuo
721 2084 804 2137 opere
823 2067 920 2121 BDE
980 2068 1067 2136 sitium
1088 2068 1150 2121 BD
1212 2085 1286 2122 nunc
1309 2085 1395 2138 spec-

244 2146 342 2201 tabitis
357 2146 429 2201 Lo.-
448 2147 494 2201 hic
512 2147 703 2217 spectantibus
721 2149 794 2202 libri.
827 2147 921 2202 Delelo
940 2153 1037 2202 contra
1055 2165 1135 2202 usum
1152 2149 1274 2218 pretium
1289 2148 1392 2203 Fuce-

245 2230 352 2282 eiseuus
379 2228 459 2282 uobis
487 2227 709 2297 inspectantibus
741 2230 789 2295 (cs.
816 2245 840 2282 v.
865 2232 950 2294 998),
981 2228 1201 2296 inspectantibus
1229 2245 1290 2282 cum
1316 2229 1393 2284 Her·

246 2323 360 2374 msuuc,
383 2308 432 2377 qui
455 2309 531 2376 apud
554 2308 702 2363 Beckerum
725 2309 758 2362 de
781 2324 845 2362 com.
869 2306 946 2361 Rom.
971 2307 1027 2372 fab,
1048 2325 1077 2376 p,
1101 2314 1156 2362 106
1177 2309 1217 2362 sie
1239 2309 1327 2362 locum
1351 2327 1393 2364 re·

245 2387 349 2441 stituit:
380 2387 435 2441 fert
454 2404 554 2456 operae
573 2387 708 2457 pretium,
732 2388 776 2441 his
795 2384 1026 2457 inspectantibus.
1065 2388 1217 2442 Muellerus
1234 2405 1265 2456 p.
1286 2393 1342 2442 518
1361 2395 1393 2443 ut

245 2467 301 2519 vid,
320 2471 400 2521 certe.-
424 2466 470 2521 bic
489 2467 709 2538 inspectantibus
784 2473 842 2521 152.
862 2465 933 2536 mer[
946 2466 972 2519 J
1039 2467 1129 2522 iacere
1148 2467 1194 2522 hic
1212 2469 1394 2524 Hermuuuus

247 2546 264 2598 l.
279 2561 300 2599 s.
314 2562 346 2612 s,
364 2563 398 2600 ex
415 2564 440 2602 e.
455 2549 503 2616 qui
517 2564 609 2616 praec.
629 2549 770 2617 supplens:
793 2547 884 2602 facere
900 2546 971 2600 libri.
1005 2546 1097 2602 iecere
1111 2564 1168 2601 unc
1180 2549 1221 2601 vel
1234 2551 1266 2602 ut
1282 2549 1394 2604 iaciunt

143 2696 147 2706 x
248 2626 400 2680 Muellerus
413 2643 443 2695 p.
464 2632 519 2681 618
