2948 5594
160 315 224 376 144
644 309 830 365 aesculini
1171 316 1313 364 sic-scs

159 476 278 541 sortasse
296 479 372 528 recte.
389 504 421 512 -
441 472 515 526 ueris
534 469 637 541 gladiis
656 471 721 526 olim
739 471 869 540 Lipsius:
887 470 923 536 cf.
942 469 1086 525 Sotiunal.
1108 470 1151 523 ΙΙ
1169 475 1214 524 19.
1247 470 1313 524 Vide

167 555 357 622 Woettllinum
375 557 407 608 in
425 554 503 608 Actis
521 554 599 607 acad.
619 552 730 607 Mortuo.
750 569 775 604 a.
797 557 873 609 1888
887 569 917 620 p.
936 555 1001 607 207.

251 640 311 688 345.
340 634 397 688 fora
419 634 615 688 Schmiederus.
636 664 667 671 -
694 647 728 686 ao
755 631 833 686 uoles
858 632 1019 701 Geppertus.
1037 662 1072 671 —
1098 631 1142 698 Cf.
1168 631 1312 687 &animus

162 716 195 768 de
208 715 281 782 perf.
300 717 370 769 coni.
386 734 415 783 p.
436 718 482 768 32.

252 809 313 858 347.
337 821 390 872 ego
414 803 530 858 uerbum
557 801 630 855 istuc
651 802 774 856 Guietus.
812 799 885 855 istuc
904 816 956 871 ego
975 800 1092 855 uerbum
1110 801 1232 856 Botliius
1247 816 1309 869 pro·

161 883 242 937 banle
265 884 378 939 Klotzio
402 885 484 939 ‘Atta
510 882 605 936 Mete!
628 899 657 950 p.
678 885 741 935 177.
777 898 829 950 ego
858 880 932 935 istuc
955 880 1071 935 uerbum
1096 880 1136 934 mi
1160 882 1310 936 Muellerus

156 980 186 1033 p.
211 967 266 1018 483
299 965 455 1034 obloquente
483 961 669 1017 Studernundo
696 960 812 1015 Emend.
840 961 885 1015 Pl.
910 978 941 1030 p.
965 966 1001 1021 55
1028 961 1254 1030 Leidolphioque.
1278 991 1308 999 —-

161 1043 293 1098 emissum
322 1047 364 1098 est
389 1043 470 1097 Valla
499 1040 580 1095 emisi
608 1057 641 1095 eu
667 1041 780 1096 ‘vetusto
803 1041 873 1096 cod.’
900 1040 978 1096 Festi
999 1043 1123 1108 afferens
1163 1040 1309 1110 empsitem

165 1124 328 1179 Saracenas.
357 1122 519 1177 emeiculem
540 1122 569 1176 0.
587 1122 740 1176 Muellerus
758 1139 792 1176 ex
804 1121 892 1177 Pauli
909 1122 1049 1191 emptura
1065 1137 1123 1176 non
1141 1122 1312 1190 improbante

162 1204 326 1273 Leidolptiio
344 1221 374 1272 p.
395 1207 458 1258 244.
497 1203 538 1268 Of.
561 1209 670 1270 praeter
696 1201 853 1255 Turnebum
875 1202 988 1257 Adaeus.
1008 1201 1122 1256 XVI3
1142 1201 1311 1255 Luebbertus

163 1282 243 1337 Stud.
268 1300 380 1352 pramm.
401 1284 422 1336 I
442 1300 470 1352 p.
490 1287 526 1337 35
549 1287 573 1336 et
597 1283 777 1336 Buechelerus
800 1283 831 1335 in
854 1279 1008 1349 Woelfflini
1024 1282 1129 1336 Arabio
1148 1280 1231 1350 Hp.
1251 1286 1310 1335 119.

164 1395 197 1404 -
218 1364 248 1418 V.
268 1370 320 1418 349
341 1364 430 1418 Video
448 1362 492 1415 dis
512 1363 598 1416 fretos
616 1362 743 1416 Botbius.

255 1459 317 1508 350.
346 1452 400 1507 Sed
428 1453 491 1507 tace
517 1467 616 1520 parum
639 1452 670 1504 tu
694 1450 821 1521 Pylades.
858 1450 933 1504 Tace
956 1453 988 1505 tu
1010 1467 1164 1521 parumper
1188 1452 1310 1505 Guietiu.

166 1533 211 1599 St,
236 1536 298 1586 tace
316 1549 465 1602 parumper
483 1533 565 1586 etium
583 1531 733 1585 Bentteius.
753 1562 786 1570 -
808 1530 867 1585 Pro
889 1529 958 1599 quid
980 1532 1022 1585 uis
1040 1531 1193 1601 Seyffertus
1212 1531 1310 1586 Philet.

166 1612 277 1666 XXIX
290 1631 319 1682 p.
335 1619 392 1668 388
412 1611 484 1677 Quid
503 1614 555 1678 cst,
578 1626 682 1679 quaeso
702 1625 781 1676 coru,
796 1627 899 1679 parum
913 1610 1102 1680 probabiliter.
1139 1612 1202 1665 An:
1223 1609 1311 1675 Quid?

165 1692 283 1751 lviso?

252 1780 311 1827 354.
341 1773 423 1827 Illum
452 1772 551 1843 edepol
580 1773 754 1828 Camerarius
782 1771 925 1839 (adiuncto
953 1771 1045 1827 credo
1073 1774 1186 1828 ecastor
1214 1772 1311 1838 uelle).·

164 1870 234 1909 corr.
254 1854 352 1909 Dousa
371 1856 439 1909 duce
457 1854 603 1909 Lambino.
639 1852 709 1907 Ille?
728 1853 828 1922 edepol
845 1852 994 1908 Acidaliae
1007 1854 1194 1922 probantibus
1212 1853 1311 1906 multis.

165 1936 328 2003 -portam
352 1933 500 1989 Minatium
525 1934 609 1989 Vallo
632 1935 714 1988 etiam
737 1931 853 1986 Metiam
872 1935 926 2003 lepi
942 1950 1153 1988 commemorares
1171 1932 1309 2001 (Mettium

164 2014 288 2083 Parcus).
326 2016 436 2083 portam
464 2015 595 2083 nyctuam
624 2014 744 2083 Rstodes
771 2030 830 2067 cum
860 2013 1059 2083 ‘impressionis
1081 2015 1195 2082 primae
1223 2011 1308 2066 codd'

163 2095 240 2163 apud
258 2094 355 2162 Eum,
378 2097 424 2148 cui
442 2092 580 2148 Maeuiam
604 2095 646 2148 oet
664 2092 786 2147 Meuium
806 2092 837 2163 [i.
857 2091 1011 2165 Maeniam]
1035 2094 1190 2162 ‘probatior
1209 2093 1310 2146 lectio':

163 2193 199 2257 cf.
223 2193 260 2245 aa
287 2193 387 2246 uscue.
411 2195 473 2246 331.
510 2192 613 2245 Malim
636 2196 791 2246 emortuam
814 2176 955 2260 (uiuam).
994 2190 1035 2257 cf.
1063 2192 1141 2246 aaa
1164 2195 1233 2258 155,
1262 2206 1310 2258 qu

163 2273 220 2326 loeo
244 2273 294 2325 boc
316 2289 394 2327 oersu
417 2274 460 2327 uti
482 2272 609 2326 debebam
630 2272 668 2326 od
686 2288 782 2326 norom
801 2273 1008 2340 explicationem
1026 2272 1201 2338 firmandam.
1243 2272 1310 2323 Illos

167 2353 266 2421 [uellet
283 2351 402 2423 seruato]
421 2352 470 2407 sed
489 2353 539 2406 del.
558 2352 680 2406 Guietas.
712 2351 849 2405 Personas
867 2369 929 2406 aero
947 2369 1007 2405 cum
1020 2352 1153 2406 Acidalio
1171 2357 1196 2404 et
1215 2351 1310 2404 masa

164 2447 234 2485 corr.
256 2432 371 2486 Parcus.
410 2432 531 2487 Ueterum
548 2434 610 2486 cide
628 2433 790 2502 Lanpenum
808 2433 888 2486 siau.
908 2434 953 2488 Pt.
969 2451 998 2502 p.
1018 2436 1079 2486 124.

256 2528 316 2575 357.
341 2522 526 2575 contollamus
546 2521 625 2588 sigua
645 2521 813 2574 Dissalotcus.
834 2551 868 2560 —
889 2520 919 2574 V.
940 2527 991 2575 359
1012 2522 1130 2576 Bothius
1149 2523 1247 2575 inscite
1265 2527 1311 2573 aut

167 2603 234 2654 sitia
256 2604 339 2669 ablue
359 2608 408 2655 out
427 2601 513 2654 situla
533 2601 651 2670 [atquol.
689 2602 795 2655 Ibidem
814 2601 877 2669 plus
897 2619 979 2668 quam
999 2601 1063 2655 uolo
1089 2603 1151 2670 (del.
1172 2604 1236 2669 ego)
1259 2602 1312 2665 sirit

166 2685 215 2749 qui
230 2684 390 2750 praeterret.
425 2681 513 2734 Verbo
532 2682 571 2733 'le
589 2681 733 2733 ...adest
753 2682 911 2751 Olympioni
929 2684 1026 2736 tribuit
1041 2682 1221 2750 Laderoipius
1237 2683 1309 2733 Mus.

167 2762 254 2814 Rtieu.
275 2763 333 2814 III
349 2780 377 2829 p.
397 2766 456 2815 200
474 2778 530 2814 nou
550 2766 617 2813 reete
634 2762 775 2828 explicans
789 2765 926 2830 proxima.

255 2857 313 2904 361,
340 2848 400 2902 Eho
423 2849 486 2901 dico
505 2849 660 2903 Saracenus
679 2850 818 2916 dubitans,
837 2869 873 2905 an
895 2852 973 2904 Senis
992 2851 1073 2904 cerba
1091 2851 1148 2903 sint
1167 2852 1198 2903 ia
1220 2851 1312 2903 Cluili-

165 2949 232 2983 num
258 2932 352 2997 potius
377 2947 458 2997 quoru
482 2929 595 2983 Chalini
618 2931 649 2982 in
675 2930 859 2998 Olympionem
883 2931 975 3000 [atque
1004 2931 1148 2999 Vssinuius
1171 2933 1255 2984 cerba
1278 2935 1311 2983 st

166 3010 278 3061 siiduhis
298 3011 357 3074 (sic)
377 3009 432 3060 iam
452 3026 485 3061 ex
504 3010 590 3072 metu,
610 3009 740 3077 mastigia
760 3010 825 3064 Serri
843 3012 917 3064 dedit
931 3012 1090 3078 resroponte
1104 3029 1128 3064 v.
1144 3015 1202 3064 382
1218 3012 1309 3077 (Tace,

164 3088 314 3156 Chalinell.
345 3090 385 3141 Eo
406 3090 530 3159 Pylades,
560 3088 600 3141 Eo
620 3089 693 3154 quod
711 3088 891 3145 Camerarius.
920 3092 1016 3159 quue
1031 3091 1188 3145 Acidaliae.
1219 3091 1309 3158 quue.

164 3170 236 3236 quod
261 3170 365 3222 ltousu.
403 3169 506 3222 Fodico
531 3170 612 3222 etiam
637 3169 785 3223 Boritleius.
805 3201 838 3208 -
858 3171 1018 3224 adsudaasit
1039 3172 1124 3236 Pius,
1149 3172 1307 3225 Lambinus.

164 3249 325 3302 adsudascis
355 3248 536 3302 Garierarius.
574 3248 736 3302 adsudascit
762 3249 877 3303 Porcus.
915 3249 1022 3303 assulas
1051 3249 1091 3302 cit
1118 3252 1161 3304 uel
1188 3252 1309 3304 adsultat

165 3330 204 3381 sic
224 3330 379 3382 elcielolius.
418 3329 585 3381 adsultaseit
602 3345 662 3381 curn
681 3329 816 3383 iS'almosio
838 3330 1004 3397 Grouooius,
1023 3330 1152 3396 Botbius,
1172 3332 1309 3386 Lomanus

163 3410 238 3477 Spec.
255 3428 285 3477 p.
306 3413 369 3464 102.
409 3409 448 3474 Gs.
475 3410 576 3462 Bacch.
596 3414 640 3462 oo.
661 3439 694 3447 —
720 3408 835 3463 Verbum
858 3409 1003 3478 Mastigial
1033 3409 1100 3463 Seni
1126 3412 1307 3476 Carnerarius,

166 3492 323 3558 ttlprupioui
349 3490 466 3542 ll'cisius
485 3497 508 3542 et
528 3490 703 3556 Larteuipius
723 3490 878 3543 tribuerunt
897 3495 940 3559 (ac
959 3490 1033 3542 Tace
1052 3489 1171 3544 Chalino
1191 3493 1276 3549 Semel.

253 3585 312 3632 362.
338 3578 427 3631 Verba
446 3578 605 3646 Comprime
624 3577 709 3631 istum
730 3579 797 3632 Seru
813 3580 892 3647 Pius,
912 3578 1028 3632 Clio-lino
1044 3579 1223 3634 Garnerarius
1239 3583 1307 3635 dulit

163 3662 297 3727 (omittens
316 3659 362 3725 qui
382 3659 482 3712 didicit
500 3659 567 3711 dure
586 3677 604 3713 o
618 3659 716 3726 Lipsio
734 3661 880 3727 restituta).
912 3659 983 3712 More
1000 3661 1116 3729 Appoue
1127 3679 1183 3729 pro
1199 3663 1307 3730 Depone

162 3741 273 3792 reduxit
295 3739 465 3794 Gulielmius.

252 3833 311 3880 364.
333 3829 508 3895 Quamquam
534 3830 693 3897 Geppertns.
731 3828 817 3895 Atqui
837 3829 916 3881 ctiam
936 3829 1065 3897 Pylades,
1085 3830 1215 3895 Bottiius,
1234 3831 1306 3899 Seyf-

163 3910 250 3974 t'ertus
276 3908 375 3959 Ptiilol.
403 3907 537 3961 XXVII
556 3927 583 3977 p.
603 3914 670 3976 446,
698 3927 758 3964 curn
781 3910 874 3976 Atque
901 3911 999 3963 alienis
1026 3913 1159 3979 erenrplis
1185 3912 1305 3976 defendat

170 3987 320 4053 Vssinpius.
351 4017 383 4025 —-
412 3988 524 4043 Servata
560 3993 691 4058 (mamam
726 3991 882 4044 Gronovius
914 3990 963 4042 del.
997 3988 1048 4041 ahs
1081 3992 1110 4042 te
1145 3994 1200 4058 (me
1231 3994 1306 4044 etiam

161 4067 321 4132 Bentlcius).

247 4161 309 4208 366.
330 4155 399 4208 Mihi
420 4158 511 4210 enim?
531 4159 566 4210 ah
587 4177 641 4213 uon
663 4161 807 4213 Gruterus.
846 4158 926 4211 Enim
946 4158 1034 4211 mihi?
1055 4159 1091 4212 ah
1111 4176 1168 4212 non
1187 4158 1304 4212 Guielus.

161 4233 285 4287 Mihine'?
309 4235 344 4287 ah
368 4254 422 4289 non
447 4239 487 4290 oei
510 4238 599 4291 Mihi?
624 4239 696 4291 enim
721 4256 776 4293 uon
796 4239 947 4307 Luupeuus
966 4239 1079 4293 ‘Baita’
1098 4257 1128 4308 p.
1148 4245 1206 4294 266
1219 4256 1255 4308 sq.
1277 4269 1304 4276 -

161 4315 323 4448 Mlaiuizdihi
348 4318 412 4369 dum
438 4317 509 4386 dixi,
534 4319 598 4372 huic
623 4320 699 4374 uolui
724 4321 883 4389 Gepportus.
922 4320 963 4386 Gs.
989 4320 1146 4374 Lorenzius
1167 4322 1229 4373 adn.
1248 4321 1304 4374 crit.

160 4411 187 4445 ur
252 4399 278 4448 i.
313 4402 376 4451 505.
