2948 5594
175 320 239 373 XIV
322 316 326 324 '
648 317 855 373 PRAEFATIO

171 505 230 548 suo
253 484 325 548 loco
350 482 430 567 legi,
457 480 513 545 sed
536 485 613 565 post
642 482 740 545 finem
764 481 922 546 adiectam
946 504 1030 547 esse:
1057 505 1154 548 versu
1169 484 1256 550 'vero
1277 487 1315 552 28

171 596 274 655 orclem
292 590 373 654 mire
392 589 536 673 positum
555 589 619 652 iam
644 589 726 652 alios
749 587 885 652 offendit
908 586 1071 674 (quamvis
1095 588 1226 655 defendi
1248 614 1316 676 pos-

172 697 242 780 sit),
272 695 416 760 uthans
439 716 565 779 quoque
588 716 697 758 vocem
721 694 860 758 fortasse
883 715 948 760 non
971 696 1143 783 traditam,
1167 697 1223 761 sed
1246 719 1315 782 snp-

171 804 291 887 pletam
307 825 378 867 esse
394 823 520 866 sumere
535 801 710 885 possimus:
734 801 817 865 unde
832 802 954 867 conieci
967 804 1101 868 reddunt
1113 805 1313 888 (nummum)

170 912 289 974 leonini
311 910 398 994 quod
420 908 561 972 traditae
585 908 765 991 scripturae
788 912 874 972 certe
896 914 1062 992 praestare
1086 911 1223 976 videtur.

171 995 175 1004 ⁸
260 1016 322 1081 Sed
346 1018 383 1081 de
407 1017 468 1080 hoc
492 1016 564 1080 loco
583 1004 807 1099 similibusque
830 1015 969 1080 liberum
991 1003 1150 1082 iudicium
1173 1022 1257 1083 esto:
1277 1019 1311 1083 de

139 1202 142 1206 .
171 1137 297 1189 summa
326 1125 371 1188 rei
399 1124 485 1187 iusta
512 1122 675 1187 dubitatio
698 1123 776 1186 oriri
800 1123 922 1206 nequit
968 1121 1027 1187 Sat
1050 1144 1187 1209 gravem
1211 1131 1310 1190 autem

171 1230 431 1295 observationem
449 1251 520 1295 esse
544 1229 585 1294 ad
608 1229 705 1293 crisin
726 1232 813 1293 recte
836 1229 1044 1293 exercendam
1067 1229 1167 1295 facile
1189 1231 1309 1297 demon·

171 1341 274 1400 strare
298 1358 429 1420 possum
453 1357 490 1399 ex
513 1336 674 1419 perversis
697 1336 840 1400 virorum
864 1335 1032 1400 doctorum
1056 1338 1238 1422 sententiis,
1259 1339 1308 1424 qui

169 1446 226 1505 aut
240 1447 369 1525 apertas
383 1443 517 1507 lacunas
532 1447 658 1507 exstare
672 1441 862 1527 negaverint
877 1447 934 1506 aut
952 1442 1032 1506 locis
1051 1442 1169 1508 alienis
1188 1447 1306 1530 supple·

168 1554 277 1613 menta
304 1549 509 1614 adhibuerint
538 1552 595 1613 aut
622 1551 756 1614 omnino
783 1570 852 1613 rem
879 1549 1092 1634 neglexerint.
1139 1550 1203 1616 Sed
1226 1553 1306 1616 nolui

164 1656 281 1741 longus
301 1678 371 1720 esse
391 1657 425 1720 in
444 1657 603 1721 eiusmodi
623 1657 792 1721 sententiis
816 1656 1021 1741 exagitandis
1045 1658 1195 1742 satisque
1217 1658 1304 1723 habui

165 1762 269 1844 ipsam
292 1765 338 1827 rei
362 1764 532 1828 veritatem
557 1767 614 1827 aut
636 1763 901 1846 probabilitatem
923 1764 1035 1846 paucis
1059 1763 1274 1829 adumbrasse.

256 1869 363 1954 Atque
387 1870 607 1955 compluribus
630 1869 710 1934 locis
733 1868 953 1933 intelleximus
976 1870 1077 1933 etiam
1101 1870 1142 1934 de
1166 1894 1301 1936 ramnum

164 1976 199 2039 in
225 1976 401 2062 archetypo
431 1977 640 2060 discriptione
666 1975 820 2040 iudicium
848 1977 921 2058 plus
949 1975 1099 2040 minusve
1127 1983 1249 2043 certum
1269 2000 1300 2043 ex

165 2083 226 2147 hac
250 2084 491 2169 computatione
516 2084 587 2167 capi
610 2103 715 2166 posse.

252 2191 341 2255 Haec
360 2195 468 2255 autem
488 2191 694 2274 discriptio
713 2190 747 2252 in
771 2189 904 2253 alterius
927 2190 1127 2256 recensionis
1151 2192 1299 2258 codicibus

164 2296 211 2383 (B
224 2297 320 2361 VEJ
330 2329 370 2350 ==
388 2298 435 2382 P)
459 2298 521 2362 dici
549 2299 662 2381 nequit
686 2300 885 2380 quantopere
915 2317 972 2379 per
996 2295 1151 2364 Casinam
1175 2301 1299 2365 maxime

163 2405 354 2486 perturbata
383 2407 434 2469 sit.
481 2403 567 2468 Nam
599 2404 649 2468 vel
679 2405 714 2467 in
745 2403 995 2487 simplicioribus
1026 2406 1142 2470 metris
1172 2408 1299 2490 plurima

164 2511 298 2574 confusa
317 2515 401 2589 sunt,
426 2532 497 2574 cum
517 2515 627 2574 tamen
647 2532 773 2574 summa
792 2511 826 2572 in
845 2510 917 2593 ipsa
939 2513 1156 2593 perversitate
1180 2535 1298 2578 consen·

164 2619 211 2681 sio
240 2619 323 2681 inter
352 2619 453 2683 libros
481 2614 672 2703 servetur.*)
719 2617 826 2700 Atque
854 2618 888 2681 in
916 2618 1052 2682 canticis
1076 2619 1161 2683 banc
1185 2640 1299 2704 quoque

162 2747 230 2788 rem
254 2726 471 2810 inapparatu
495 2725 736 2789 accuratissime
760 2724 954 2806 descriptam
978 2725 1140 2790 dedimus:
1172 2728 1245 2790 item
1267 2747 1299 2788 ex

164 2832 236 2895 aliis
260 2833 385 2895 scaenis
410 2855 467 2896 suo
493 2833 563 2897 loco
584 2831 741 2915 quaedam
761 2833 954 2895 notavimus.
1001 2830 1090 2906 Quae
1113 2840 1247 2915 restant,
1266 2853 1299 2894 nc

163 2939 323 3003 inutiliter
355 2944 548 3023 apparatum
580 2961 765 3021 oneremus,
798 2939 961 3022 congestis
992 2939 1126 3002 vocibus
1160 2939 1299 3003 extremis

164 3046 261 3109 libuit
280 3046 332 3109 liic
352 3046 554 3130 subiungere.
600 3045 707 3128 Atque
727 3045 847 3109 lineola
866 3045 975 3108 addita
998 3044 1220 3128 significamus
1243 3067 1299 3109 rer·

164 3173 218 3214 sus
242 3153 452 3217 interstitium
477 3176 549 3217 cum
573 3155 667 3216 metri
690 3153 864 3216 interstitio
888 3152 998 3233 aliquo
1022 3152 1202 3238 concinere,
1224 3154 1300 3219 litte·

164 3280 215 3320 ras
245 3263 352 3323 autem
383 3260 576 3324 maiusculas
605 3261 638 3322 in
667 3258 779 3322 mediis
807 3258 952 3322 versibus
981 3263 1129 3323 serratas
1154 3258 1199 3346 (v.
1222 3261 1300 3344 adn.)

163 3367 254 3430 uncis
282 3367 426 3431 inclusas
454 3368 615 3431 addimus:
648 3369 681 3428 et
709 3366 760 3429 his
788 3364 919 3449 quidem
948 3361 1014 3449 (),
1047 3366 1104 3429 nbi
1132 3388 1218 3431 nova
1243 3387 1300 3429 non

162 3474 285 3536 accedit
304 3496 452 3558 persona,
475 3474 620 3537 hisvero
646 3477 657 3552 [
682 3475 694 3552 l
719 3473 774 3537 ubi
792 3494 1005 3555 personarum
1024 3473 1165 3537 mutatio
1188 3472 1301 3554 incidit,

162 3583 198 3641 ut
227 3580 289 3643 dici
317 3586 475 3664 nequeat,
504 3584 612 3644 utrum
642 3585 774 3662 propter
802 3579 896 3642 metri
925 3601 966 3641 an
994 3586 1129 3661 propter
1152 3601 1301 3663 personae

162 3685 428 3770 interstitium**)
452 3688 629 3751 maiuscula
654 3686 798 3750 adhibita
822 3687 874 3750 sit.

259 3793 289 3854 V.
315 3794 484 3857 89-143:
515 3832 557 3840 -
580 3795 711 3876 ospitare
733 3830 777 3838 -
799 3814 921 3874 sequar
946 3830 984 3839 -—
1006 3795 1150 3875 persequi
1170 3793 1175 3880 Ι
1196 3832 1237 3839 -
1258 3795 1300 3857 de·

161 3901 276 3958 croto-m
299 3904 342 3961 cst
359 3937 402 3943 —
420 3902 524 3965 sedetis
553 3903 638 3983 tuis!
663 3937 699 3945 —
717 3897 885 3985 postulas]
908 3937 946 3947 -
963 3901 1115 3983 inperciens
1135 3898 1140 3986 Ι
1162 3939 1203 3948 -
1222 3901 1302 3965 nra

249 4138 276 4207 *)
296 4136 357 4190 Nisi
385 4139 458 4208 quod
486 4156 568 4193 verae
595 4137 785 4209 discriptionis
811 4140 840 4192 in
865 4138 969 4192 litteris
995 4139 1161 4192 maiusculis
1187 4136 1300 4207 vestigia

160 4217 235 4270 haud
254 4234 316 4271 raro
336 4219 377 4286 B,
403 4219 543 4273 interdum
570 4222 656 4274 etium
679 4220 717 4288 V,
742 4219 883 4274 rarissime
906 4221 956 4274 aut
979 4236 1117 4288 nusquam
1142 4221 1227 4275 ceteri
1250 4236 1298 4273 ser·

159 4301 291 4445 vamult)
310 4377 380 4432 Nam
398 4382 503 4447 quanta
516 4380 705 4434 inconstantia
719 4384 784 4451 post
797 4398 928 4451 personas
942 4382 970 4434 B
984 4381 1121 4450 (itemque
1143 4383 1181 4451 V)
1201 4381 1291 4437 maius·

160 4457 237 4511 culae
256 4459 338 4512 modo
358 4459 492 4514 adhibeat
511 4461 593 4515 modo
612 4479 669 4516 non
688 4462 825 4517 adhibeat
843 4479 876 4517 ex
894 4464 1035 4533 apparatu
1054 4467 1182 4534 apparet
