2948 5594
538 1654 960 1729 PRAEFATIO

263 2006 366 2073 Forte
390 2007 495 2093 magis
517 2030 613 2091 quam
636 2006 771 2072 consilio
791 2029 863 2071 cum
884 2007 1068 2093 accidisset,
1091 2012 1128 2073 ut
1150 2009 1184 2073 in
1209 2009 1320 2073 eadem

71 2164 74 2169 .
171 2114 288 2179 tabula
312 2136 397 2198 quae
421 2114 573 2179 mutanda
598 2114 648 2178 vel
672 2114 870 2179 restituenda
893 2115 1057 2179 invenisse
1080 2115 1175 2180 nobis
1199 2116 1320 2180 videre·

72 2250 77 2259 ·
172 2242 248 2286 mur
279 2221 370 2287 inter
396 2244 457 2286 nos
485 2220 793 2287 communicaremus
827 2226 860 2286 et
892 2222 974 2286 alter
1006 2221 1081 2305 quid
1116 2222 1155 2285 de
1188 2222 1319 2287 alterius

172 2328 318 2393 iuvantis
340 2328 496 2393 iudicaret
518 2326 709 2393 rescriberet
737 2332 770 2391 et
797 2328 927 2412 reipsa
957 2332 1108 2393 monente
1136 2329 1169 2392 id
1192 2329 1320 2414 saepius

172 2438 371 2521 saepiusque
389 2435 459 2499 fieri
472 2435 645 2519 coepisset,
668 2434 751 2498 nihil
770 2435 888 2500 mirum
907 2435 992 2520 quod
1012 2435 1096 2499 alter
1113 2435 1200 2500 haud
1220 2437 1320 2501 semel

77 2572 83 2609 .·
171 2546 304 2627 partem
322 2544 451 2606 tautum
473 2542 542 2606 veri
564 2546 772 2626 perspexerat
791 2564 887 2626 quam
908 2542 989 2606 alter
1007 2547 1122 2626 postea
1141 2543 1320 2627 supplevit,

172 2650 222 2715 ita
244 2653 283 2713 ut
306 2648 412 2713 utrius
434 2648 588 2712 beneficio
610 2648 784 2733 praecipuo
807 2653 927 2713 novata
946 2648 1140 2715 deberentur
1159 2651 1319 2716 interdum

174 2757 229 2822 vir
254 2754 329 2821 sciri
352 2759 472 2839 posset.
512 2754 582 2819 Tali
606 2758 714 2819 autem
739 2756 906 2838 societate,
930 2755 1012 2819 uude
1036 2760 1068 2820 et
1091 2779 1151 2822 nos
1175 2759 1320 2843 capieba-

174 2886 249 2930 mus
272 2885 434 2928 summam
458 2862 656 2929 dulcedinem
680 2864 713 2926 et
733 2862 937 2946 propositum
961 2863 1066 2947 ipsum
1090 2863 1176 2927 haud
1200 2866 1319 2929 medio·

175 2995 264 3039 crem
283 3008 328 3018 -
346 2976 384 3036 ut
407 2971 576 3036 videbatur
600 2974 684 3035 certe
705 3008 745 3015 —
765 2969 920 3052 fructum,
945 2992 1026 3054 quae
1046 2971 1225 3036 coniunctis
1245 2974 1319 3036 viri-

173 3082 235 3144 bus
274 3078 390 3143 effecta
423 3081 531 3142 essent
570 3098 682 3141 rursus
712 3075 854 3161 disiungi
887 3098 960 3140 cum
988 3077 1201 3142 indicaremus
1229 3080 1319 3143 nefas

174 3209 261 3270 esse,
298 3185 471 3250 Asinariae
509 3205 606 3268 quam
643 3184 814 3247 instituere
850 3205 1058 3267 coeperamus
1101 3184 1319 3249 recensionem

174 3294 348 3377 utriusque
371 3291 503 3356 nomine
523 3291 655 3355 inscribi
675 3289 848 3354 voluimus:
873 3291 963 3353 cuius
983 3291 1147 3355 societatis
1167 3292 1320 3374 quoniam

172 3424 213 3466 ne
239 3422 327 3464 nunc
350 3398 480 3482 quidem
503 3420 562 3463 uos
585 3396 743 3481 paenitet,
776 3396 883 3460 futuro
908 3418 1035 3481 quoque
1058 3402 1220 3481 tempore,
1243 3421 1319 3481 quo-

171 3509 398 3591 tienscumque
422 3528 473 3570 res
497 3506 544 3570 ita
566 3504 662 3587 ieret,
685 3523 816 3585 operam
841 3508 872 3567 et
895 3525 1003 3566 curam
1029 3505 1222 3588 coniungere
1247 3525 1319 3567 con-

171 3614 353 3679 stituimus.

262 3719 336 3785 Iam
359 3719 398 3783 de
422 3716 573 3783 subsidiis
594 3715 710 3801 quibus
733 3716 767 3779 in
789 3714 911 3779 edenda
929 3714 990 3779 hac
1009 3716 1120 3781 fabula
1139 3718 1189 3781 usi
1209 3740 1320 3782 sumus

169 3836 203 3892 et
228 3828 270 3891 de
293 3826 397 3911 ipsius
420 3825 616 3890 recensionis
639 3823 764 3887 ratione
787 3823 866 3887 haec
885 3824 1122 3905 praemonenda
1142 3825 1211 3888 visa
1230 3830 1320 3889 sunt:

263 3933 422 4000 Codicis
445 3933 589 3997 veteris
614 3926 698 4016 (B),
726 3930 815 3993 cuius
839 3928 927 3993 foliis
952 3930 1113 4001 21³-3Or
1137 3931 1322 3996 continetur

168 4042 305 4124 fabula,
343 4044 473 4125 praesto
511 4040 642 4103 fuerunt
678 4057 896 4122 quaecumque
933 4035 1173 4101 Ritschelius
1211 4042 1321 4101 enota-

168 4156 279 4215 rerat:
313 4148 400 4212 idem
431 4151 467 4213 ut
494 4146 593 4211 codex
621 4145 725 4208 denuo
754 4142 794 4206 ab
818 4131 983 4207 Hinc'kio
1018 4146 1220 4206 excuteretur
1251 4145 1320 4225 ipse

168 4257 360 4322 curaverat:
385 4255 505 4339 quain
529 4275 563 4317 re
587 4274 628 4316 ne
652 4271 811 4314 summam
832 4248 959 4332 quidem
984 4249 1188 4333 diligentiam
1212 4271 1321 4334 super·

168 4384 353 4430 vacaneum
391 4383 462 4426 esse
499 4365 589 4425 ratus
631 4357 764 4424 tertium
803 4355 894 4419 illum
936 4355 1072 4419 eontulit
1110 4355 1321 4433 Gustavns

167 4472 328 4536 Loewe.
368 4469 562 4533 Praeterea
586 4472 693 4532 autern
717 4486 798 4549 quac
822 4464 857 4525 iu
881 4462 952 4545 ipsa
976 4463 1185 4528 adnotatione
1209 4466 1320 4529 testati

167 4600 287 4643 sumus
312 4596 416 4660 pauca
440 4574 595 4658 quaedam
620 4571 814 4658 praefationi
840 4571 1088 4654 reservavimus,
1112 4593 1212 4656 eaque
1236 4595 1319 4637 nunc

168 4687 282 4771 placet
309 4678 525 4767 absolvere.*)

172 4810 391 4822 n—-—-—-—-—·

242 4862 271 4929 ³)
303 4860 334 4915 In
359 4857 531 4931 praefatione
557 4857 668 4930 Epidici
702 4856 737 4909 ab
763 4852 924 4922 Ussingio
958 4853 1049 4908 editae
1078 4873 1104 4922 p.
1129 4859 1180 4904 246
1209 4852 1321 4903 exstsut

170 4943 257 4997 haec:
290 4938 476 4998 ‘Vaticanum
500 4944 529 4995 et
552 4937 744 4994 Britannicum
771 4977 848 4990 .....
873 4936 932 5009 ipsc
960 4934 1079 5000 coutuli;
1112 4934 1210 4984 horum
1236 4929 1322 5000 igitur
