2948 5594
664 316 798 373 Pthvul
1053 302 1056 308 ’
1071 314 1099 370 11
1116 322 1144 384 a,
1162 320 1265 371 coo-a

655 478 805 546 Aacvunnr,

675 570 763 648 Quae
785 592 851 634 non
875 567 1024 653 deliquit,
1047 569 1141 633 decet

160 679 325 745 Audacem
349 701 431 762 esse,
454 676 652 742 confidenter
674 680 734 759 pro
758 697 792 739 se
816 679 849 738 et
870 675 1022 759 proterue
1044 672 1144 758 loqui

652 818 808 870 Anrnrruvo

162 892 248 958 Scitis
273 892 431 958 audacter.

477 1045 486 1067 Ι
595 1041 597 1044 ¹
658 977 808 1030 Ancurrrur

462 1071 508 1135 Vt
530 1069 680 1153 pudicam
704 1069 804 1133 decet.

653 1209 811 1261 Aurnrravo

834 1280 931 1344 Enim
955 1275 1065 1345 uerbis
1087 1278 1219 1363 probas.

657 1422 804 1475 Aaovuean

162 1515 237 1580 Non
261 1537 321 1601 ego
345 1516 435 1581 illam
459 1512 541 1578 mihi
565 1536 634 1578 esse
658 1512 765 1577 dotem
790 1512 885 1594 drico,
909 1533 990 1596 quae
1014 1511 1072 1576 dos
1095 1509 1229 1593 dicitur,

162 1620 224 1687 de
242 1622 432 1706 pudicitiam
455 1623 487 1685 ct
509 1620 665 1706 pudorem
689 1624 722 1683 et
745 1618 891 1682 sidatum
915 1616 1113 1703 cupidinem,
1255 1632 1268 1681 ε

160 1728 267 1793 Derim
290 1733 424 1811 metum,
447 1730 619 1811 pardulum
643 1747 785 1791 amorem
804 1729 837 1788 et
855 1728 1029 1811 cognatum
1047 1724 1264 1807 concordiam,

163 1833 240 1898 Tibi
263 1835 424 1920 morigera
447 1839 544 1918 atque
567 1837 604 1898 nt
626 1832 777 1897 munifica
801 1830 863 1896 sim
887 1833 994 1915 bonis,
1016 1830 1141 1916 prosim
1163 1832 1268 1916 probir

694 1971 775 2026 Sosin

163 2064 213 2129 Ne
236 2062 300 2130 ista
323 2065 448 2147 edepol,
476 2065 504 2128 si
525 2064 604 2127 haec
627 2062 706 2126 ue‘ra
728 2063 885 2146 loquitur,
909 2064 1140 2128 examussimst
1164 2065 1268 2147 optun

165 2213 194 2266 in
213 2212 430 2282 Amphitryone:
452 2212 548 2280 ‘quae
562 2228 627 2265 non
646 2211 820 2280 delinquit
839 2211 937 2266 docet
954 2212 1120 2267 audacem
1139 2228 1216 2266 esee
1230 2228 1268 2266 co

165 2293 318 2347 fidenter
341 2290 511 2346 consternari
535 2290 674 2360 significat
692 2289 763 2345 disci
783 2292 858 2361 [lurco
875 2294 933 2352 trio
950 2293 1084 2347 vocabula
1101 2294 1214 2346 intrusa
1231 2307 1268 2346 aar

164 2390 224 2441 pro
244 2390 277 2427 ao
297 2374 330 2427 et
348 2374 509 2442 proterue
527 2371 633 2439 loqui’
739 2378 799 2426 843.
818 2372 930 2427 Noniae
948 2390 978 2441 p.
998 2378 1026 2441 9,
1045 2378 1077 2428 3:
1104 2373 1268 2429 examore?

165 2450 268 2505 dicitur
298 2453 456 2506 examinate
481 2451 518 2506 ad
547 2451 674 2519 regulam
700 2450 746 2505 uel
771 2456 981 2521 coagmentum:
1016 2457 1060 2507 eat
1086 2453 1160 2507 enim
1190 2469 1268 2508 amur

163 2532 261 2601 regula
283 2533 437 2600 fabrorum,
461 2548 545 2599 quam
569 2528 717 2584 architecti
740 2547 802 2584 curn
827 2549 896 2601 opus
914 2532 1035 2602 probant
1053 2532 1164 2587 rubrica
1183 2531 1268 2587 illinn

165 2611 281 2667 Plautus
299 2611 515 2681 Amphitryona:
546 2610 587 2664 ‘ei
604 2627 686 2664 nora
704 2651 711 2664 .
727 2654 732 2665 .
750 2652 755 2662 .
777 2613 916 2681 optima’
1041 2612 1188 2668 Otroricius
1205 2613 1252 2678 (G.

164 2691 186 2743 I
199 2709 229 2760 p.
248 2697 318 2757 19⁸,
337 2696 399 2757 24).·
427 2690 628 2746 examussim
651 2690 768 2744 Plautus
793 2692 821 2746 in
845 2693 1060 2763 Amphitryone:
1091 2693 1268 2747 ‘examussi

163 2774 216 2825 cst
233 2772 383 2841 optima’;
403 2770 451 2825 ubi
470 2771 586 2825 Sisenna
602 2770 664 2840 ‘pro
683 2770 853 2827 examinato'
874 2771 974 2841 iuquit.
1007 2772 1127 2825 amassia
1151 2775 1268 2827 autem<

162 2851 260 2906 tabula
278 2851 432 2919 rubricata,
455 2869 526 2920 quac
550 2850 702 2906 dimittitur
726 2850 902 2906 examinandi
922 2850 1015 2921 operia
1033 2849 1129 2921 gratia
1146 2867 1184 2904 an
1201 2852 1268 2905 recti

164 2948 233 3000 opus
254 2935 351 3001 surgat
422 2929 633 2987 Examueaim
652 2931 717 2984 hinc
734 2933 867 3000 accorpoit
884 2933 964 2999 ploce.
980 2932 1090 2986 Plura..-
1109 2932 1143 2998 cf.
1164 2930 1268 2986 Ritrclu

164 3010 262 3078 Opucc.
281 3016 300 3066 t.
321 3011 363 3063 II
376 3028 406 3079 p.
425 3016 485 3066 272
559 3008 600 3077 Gfi
622 3009 757 3065 Placidus
771 3027 802 3078 p.
822 3014 867 3076 37,
887 3014 922 3064 13
941 3010 977 3064 D.

164 3106 376 3113 ———-.....

235 3134 294 3208 Que
309 3135 367 3188 Ε]
424 3133 549 3202 deliquid
563 3134 634 3188 DE.
667 3132 808 3201 delinquit
821 3133 951 3189 Nonius·
1005 3139 1065 3188 837.
1084 3150 1168 3203 prose
1182 3134 1219 3201 E,
1236 3152 1268 3205 qa

164 3215 250 3269 libere
265 3231 320 3268 erse
332 3216 390 3268 uult
406 3213 529 3269 Uolerua:
548 3215 583 3280 cf.
594 3214 744 3268 Muellerus
754 3232 784 3282 p.
798 3219 857 3269 203
910 3231 962 3284 pro
977 3231 1006 3267 ao
1023 3216 1052 3268 et
1064 3232 1098 3269 m.
1114 3221 1133 3271 2
1147 3233 1169 3271 a.
1180 3233 1204 3270 o.
1216 3217 1238 3270 J

164 3298 313 3363 propterue
327 3295 365 3359 D,
380 3296 412 3347 dc
426 3312 481 3363 quo
495 3296 584 3360 forma
598 3297 632 3361 os.
647 3294 774 3348 Loerciao
788 3295 860 3349 Acta
874 3311 925 3349 soc.
942 3294 1011 3362 phil.
1026 3294 1104 3362 Lipa.
1120 3301 1138 3347 t.
1155 3295 1198 3348 11
1207 3298 1268 3364 pl

237 3374 279 3439 Os.
298 3374 388 3426 Nonii
406 3375 586 3428 testimonium
675 3380 735 3429 838.
756 3374 837 3428 decet
854 3372 985 3443 pudicam
1004 3373 1144 3427 Bottius².
1179 3373 1268 3444 pudici

165 3452 301 3506 condecet
315 3453 385 3505 idem
398 3454 537 3509 Bottiua¹.
566 3454 695 3524 pudicam
710 3455 804 3508 decuit
818 3454 941 3524 θυμοὶ-ηε
1000 3452 1082 3506 Enim
1099 3454 1193 3507 uerbis
1205 3454 1268 3523 prol

165 3532 373 3586 Lactmonnuo:
405 3533 436 3585 ln
460 3532 552 3588 uerbis
573 3535 674 3603 probaa
700 3535 766 3588 libri
787 3532 924 3597 (inuerbie
947 3532 989 3587 Ji.
1023 3532 1067 3586 'l'u
1088 3533 1183 3586 uerbis
1206 3532 1268 3602 prol

167 3612 348 3667 Gonmorirar.
381 3611 422 3664 'l'u
432 3612 524 3666 uerbis
538 3613 626 3682 proba
635 3630 664 3668 ea
675 3614 816 3668 Gruterus.
846 3613 918 3667 Ain?
932 3616 963 3666 tu
974 3611 1066 3666 uerbis
1076 3612 1268 3682 probaeeTur

163 3711 289 3748 morinco.
318 3693 390 3746 Ain?
410 3695 440 3746 tu
459 3692 550 3746 uerbis
579 3694 679 3762 probas
709 3694 907 3747 Fleckeisenus.
941 3691 982 3744 Tu
1006 3691 1035 3744 in
1059 3690 1153 3745 uerbis
1172 3692 1260 3761 proba

175 3774 296 3827 ll'eiciua.
330 3791 402 3826 nunc
422 3775 474 3839 (cel
493 3772 524 3824 ld
542 3774 574 3825 ld
593 3775 636 3831 tu)
652 3773 744 3828 uerbis
759 3774 860 3841 probae
879 3772 1029 3842 Ilounpiua.
1067 3771 1099 3824 ld
1117 3772 1201 3826 modo
1215 3772 1268 3825 ueri

164 3854 267 3922 probas
284 3853 411 3921 Pylades.
444 3852 483 3905 Vt
497 3853 525 3904 te
544 3853 636 3906 uerbis
649 3853 751 3921 proban
766 3854 914 3906 Acidaliae
972 3858 1032 3906 839.
1048 3852 1196 3922 cgoogE
1239 3868 1268 3905 m!

166 3966 227 4003 esso
253 3948 347 4002 dotem
375 3949 446 4002 duco
472 3951 636 4004 helwildis:
668 3951 737 4004 mihi
763 3949 861 4015 (michi
888 3949 916 4002 J.
959 3936 987 4002 rir
1010 3950 1050 4018 Ε)
1077 3949 1172 4005 dotem
1201 3947 1268 4017 (doti

166 4028 236 4081 mihi
265 4027 301 4098 F,
328 4027 550 4087 Lindemonuua)
578 4030 649 4084 duco
679 4048 738 4084 esso
766 4030 844 4094 libri,
868 4031 917 4082 uti
939 4047 998 4084 essa
1025 4029 1097 4085 duco
1120 4030 1238 4084 Bottiaia

167 4125 220 4180 que
235 4108 284 4162 dos
300 4108 335 4165 Ε.
359 4110 494 4183 qupndos,
508 4116 613 4179 pariclo
628 4128 662 4164 m.
677 4117 697 4166 2
708 4109 833 4179 positoJ
925 4115 985 4165 840.
996 4110 1165 4179 pudiciciam
1175 4106 1237 4162 BD

166 4189 293 4243 sudatum
304 4207 337 4243 cx
351 4208 380 4244 se
395 4192 493 4243 datum
503 4190 536 4243 B.
571 4207 599 4242 se
615 4190 712 4244 datum
722 4190 779 4244 Ε]
847 4196 908 4244 841.
923 4191 952 4244 et
961 4192 1109 4259 parentum
1119 4190 1268 4245 treunam

237 4276 296 4323 842.
312 4269 376 4323 Tibi
395 4271 427 4320 ut
445 4268 587 4335 Ussinpius
659 4270 802 4323 munificas
821 4268 850 4322 in
869 4269 949 4324 bonis
967 4271 1002 4324 B.
1036 4270 1181 4324 munificae
1198 4269 1268 4323 inhor

166 4349 230 4403 DE
283 4356 343 4402 843.
364 4349 416 4418 hee
433 4363 502 4400 uera
520 4348 582 4401 ΙΝ.
616 4368 683 4403 uera
701 4349 1129 4415 lraeclt³onioo,11iridcmouuus
1182 4362 1268 4404 exam

165 4432 218 4482 aim
238 4426 417 4498 (examuoaim
437 4426 473 4476 E.
506 4442 680 4482 cremnorum
699 4430 730 4497 J)
749 4433 791 4483 est
809 4431 875 4483 libri
893 4446 954 4483 cum
972 4431 1067 4484 Nouio
1120 4430 1226 4499 optima
1239 4427 1268 4482 lit
