2948 5594
161 325 212 379 XX
633 321 836 379 PRAEFATIO

162 487 370 573 inquisitione
399 486 557 564 absoluta,
586 487 666 551 satis
695 486 814 571 prodit,
844 509 917 551 oum
947 508 1023 551 mox
1052 487 1106 551 vix
1135 488 1246 572 capiat
1276 494 1306 552 et

163 616 259 680 aegre
295 594 419 674 eredat,
456 594 511 658 ubi
541 593 792 677 Aristophontes
826 593 944 658 falsum
976 593 1199 660 Philocratem
1233 594 1309 660 dicit

162 701 350 786 detegitque
374 700 418 785 (v.
442 700 507 765 545
518 723 563 785 sq.
587 700 661 765 559.
686 700 921 785 51411173).
966 699 1114 785 Denique
1134 699 1308 787 Langenus

162 830 192 890 p.
210 809 273 872 123
284 829 329 891 sq.
349 812 480 891 poetam
500 807 579 871 dicit
593 830 620 872 v.
636 807 699 871 947
710 828 756 890 sq.
777 807 916 872 oblitum
930 829 1001 872 esse
1015 828 1169 873 versuum
1188 808 1251 873 331
1264 830 1309 893 sq.

163 936 235 979 cum
268 913 439 997 magnifice
471 914 642 997 promittat
675 935 756 997 quae
789 912 909 978 dudum
943 914 1165 998 spoponderat
1197 913 1309 1000 Hegio

163 1022 210 1085 At
238 1021 270 1085 id
304 1020 389 1104 quod
421 1020 483 1084 hoc
515 1020 587 1085 loco
620 1020 783 1104 promittit
814 1042 880 1085 non
911 1015 981 1085 sine
1014 1020 1210 1106 ambagibus
1240 1043 1311 1087 1111

165 1128 304 1193 maxime
337 1127 561 1210 postulaverat
593 1125 844 1208 Philocrates*):
876 1149 980 1211 neque
1010 1127 1088 1192 huic
1119 1126 1187 1209 ipsi
1216 1132 1312 1193 antea

164 1235 359 1319 promiserat
381 1232 500 1317 Hegio,
530 1232 586 1297 sed
609 1232 941 1298 Pseudo-Philocrati
964 1255 1019 1298 ero
1041 1255 1109 1298 non
1131 1237 1312 1318 praesenta

165 1341 271 1417 Quare
290 1364 330 1405 ne
354 1340 416 1405 hoc
439 1339 568 1424 quidem
591 1340 662 1404 loco
682 1362 758 1404 vera
776 1343 883 1405 exstat
902 1339 1131 1425 discrepantia,
1153 1339 1213 1406 sed
1229 1361 1312 1405 novo

166 1449 274 1532 potius
298 1451 490 1530 argumento
514 1445 663 1511 firmatur
686 1447 841 1511 iudicium
865 1447 950 1531 quod
965 1447 1003 1511 de
1018 1469 1046 1511 v.
1061 1446 1313 1531 2921111335

166 1556 310 1620 tulimus.
346 1552 458 1636 Neque
482 1552 568 1617 vitae
589 1553 768 1618 communis
788 1552 1012 1618 consuetudini
1030 1554 1083 1619 vel
1104 1553 1205 1618 huius
1229 1554 1312 1620 senis

166 1669 303 1727 naturae
318 1659 518 1743 contradicit,
529 1659 557 1723 si
567 1659 677 1724 debita
696 1660 866 1724 solvuntur
876 1661 1054 1743 impensius
1069 1659 1314 1744 verbosiusqua

255 1768 426 1832 Postremo
449 1767 578 1851 attingo
603 1788 752 1830 scaenam
776 1768 915 1831 multum
940 1771 1088 1832 vexatam
1111 1789 1140 1832 v.
1162 1766 1229 1832 768
1239 1789 1314 1851 sqq,

168 1876 224 1940 ubi
248 1875 411 1959 parasitus
435 1873 475 1937 ad
490 1871 669 1959 Hegionem
694 1895 825 1938 currens
845 1874 953 1938 omnia
976 1872 1136 1958 aliaagit
1155 1877 1191 1938 et
1208 1873 1313 1938 verbis

167 1987 200 2047 et
220 1982 316 2046 rebus
336 1981 398 2044 sihi
425 1980 556 2063 senique
580 2001 704 2043 moram
729 1980 876 2061 afferens,
898 2001 994 2065 quam
1019 2001 1173 2045 amovere
1197 1980 1314 2049 diserte

167 2088 246 2153 vult
284 2087 386 2163 Quam
412 2108 561 2151 scaenam
586 2087 803 2151 scurriliorem
827 2090 940 2151 nostro
965 2088 1033 2150 iure
1056 2085 1209 2171 dicimus,
1231 2087 1313 2152 unde

168 2194 264 2259 etiam
290 2193 490 2258 contraxisse
514 2192 649 2276 videtur,
682 2194 737 2277 qui
760 2215 787 2258 v.
813 2193 989 2258 800-802
1012 2193 1146 2277 scripsit
1169 2193 1314 2258 versibus

169 2301 354 2368 rao—799.
378 2300 554 2365 803-824
574 2299 832 2365 substituendos:
854 2322 958 2385 neque
979 2303 1092 2365 tamen
1114 2303 1204 2365 recte
1226 2300 1314 2365 illam

167 2409 273 2492 ipsam
298 2406 546 2490 discrepantiam
574 2407 660 2471 inter
690 2406 930 2472 festinationem
960 2407 1315 2491 commorationemque

168 2514 302 2597 parasiti
331 2518 485 2597 tanquam
515 2513 672 2577 absonam
699 2513 896 2596 vituperavit
918 2512 1092 2598 Langenus
1116 2536 1146 2596 p.
1173 2513 1235 2578 121
1247 2535 1314 2598 sqq.

168 2621 253 2685 Nam
281 2625 380 2703 poeta
408 2621 474 2685 sive
498 2620 633 2684 Plautus
661 2619 723 2683 fuit
753 2617 804 2703 (ut
827 2640 887 2703 ego
912 2619 1020 2703 credo)
1051 2621 1121 2685 sive
1149 2621 1235 2687 alius
1263 2619 1313 2707 (cx

169 2728 345 2791 multorum
361 2727 535 2811 sententia)
551 2727 619 2789 sine
635 2726 732 2789 dubio
747 2726 903 2810 perhanc
918 2726 1167 2810 discrepantiam
1183 2749 1312 2792 acumen

133 2843 139 2853 '
169 2835 297 2918 vimque
321 2834 477 2897 1111111111
502 2833 662 2916 quaesivit
691 2833 821 2897 omnino
850 2834 883 2896 in
907 2833 1064 2897 eiusmodi
1090 2834 1313 2918 discrepantiis

169 2941 308 3004 maxime
346 2941 567 3022 conspicuam:
610 2938 786 3022 eademque
823 2941 949 3004 ratione
988 2939 1200 3006 continentur
1236 2963 1312 3026 quae

171 3047 363 3131 singillatim
384 3047 533 3110 hocloco
554 3047 638 3110 serio
657 3047 763 3130 magis
782 3068 877 3129 quarn
898 3068 973 3110 vero
988 3045 1164 3131 Langenus
1184 3049 1312 3112 notavit

258 3152 362 3216 Multo
390 3153 496 3237 magis
525 3174 597 3216 cum
621 3151 774 3234 Langeno
802 3152 883 3216 mihi
911 3153 1061 3217 convenit
1084 3155 1119 3217 in
1146 3155 1208 3237 eis,
1236 3176 1311 3239 quae

170 3260 208 3323 de
233 3260 369 3344 singulis
393 3260 539 3323 versibus
563 3263 619 3322 aut
643 3259 810 3323 servandis
834 3263 891 3323 aut
910 3258 1052 3323 delendis
1076 3259 1233 3345 disputat,
1255 3261 1310 3326 etsi

170 3367 265 3449 paulo
290 3368 404 3430 saltem
428 3388 523 3450 quam
552 3367 607 3429 ills
635 3366 705 3429 vult
728 3366 857 3449 longius
881 3366 1153 3450 progrediendum
1187 3390 1256 3433 esse
1280 3369 1309 3431 in

171 3473 350 3538 statuendis
382 3472 612 3557 dittographiis
643 3473 1011 3557 interpolationibusque
1041 3494 1233 3558 persuasum
1262 3475 1308 3538 hs-

171 3577 292 3663 beo**).
339 3579 401 3644 Sed
430 3580 543 3644 dehis
572 3580 668 3644 rebus
698 3579 860 3643 sufficiant
888 3601 968 3662 quae
991 3580 1026 3643 in
1050 3580 1307 3647 adnotationibus

170 3687 362 3772 significavi.

259 3888 284 3954 *)
303 3887 344 3940 Ι)1
364 3887 416 3941 hac
439 3905 468 3940 ro
488 3905 522 3941 11
541 3904 687 3957 perperam
711 3885 875 3953 iudicemus,
894 3905 948 3941 non
973 3889 1153 3957 neglegenda
1172 3893 1215 3944 est
1233 3906 1303 3957 quam

170 3965 283 4020 omnino
307 3966 336 4020 in
362 3969 573 4035 quaestiouibus
596 3969 765 4039 pecuniariis
792 3967 1026 4036 deprehendimus
1054 3985 1165 4024 morum
1195 3969 1302 4024 anxieta-

170 4050 227 4100 tem
247 4047 490 4116 rusticitatemque
510 4048 556 4117 (cl.
576 4068 600 4104 v.
622 4056 674 4104 318
684 4068 742 4118 sqq.
762 4052 791 4102 ct
809 4051 952 4116 411111).

241 4125 282 4194 **)
302 4127 342 4181 Cf.
359 4128 477 4197 exempli
493 4147 577 4184 causa
591 4148 661 4198 quae
677 4130 710 4184 de
731 4127 856 4183 versibus
873 4134 923 4182 189
934 4146 994 4198 sqq.
1014 4130 1221 4195 adnotavimus,
1235 4131 1301 4184 item·

171 4225 224 4276 que
251 4208 285 4262 de
304 4227 329 4263 v.
351 4213 401 4261 152
412 4225 472 4277 sqq.
511 4211 584 4274 Quos
608 4212 684 4265 locos
708 4210 732 4264 si
756 4207 872 4263 Plautus
896 4208 936 4262 sic
963 4209 1091 4279 scripsit,
1119 4208 1300 4282 vituperandos

170 4305 235 4341 sane
256 4290 307 4343 est.
344 4286 417 4341 Illud
437 4291 530 4343 autem
550 4292 617 4344 satis
642 4291 736 4345 mirari
755 4305 812 4343 111
829 4305 951 4357 possum,
976 4289 1052 4359 quod
1071 4289 1182 4345 Brixius
1201 4304 1299 4361 pravam

172 4368 205 4421 do
228 4367 273 4421 his
296 4367 422 4422 versibus
450 4370 616 4423 sententium
647 4370 836 4425 vindicaturus
862 4368 1021 4438 Hegionem
1050 4371 1164 4427 omnino
1192 4369 1298 4442 lepidum

172 4463 265 4500 senem
284 4447 354 4502 dicit
372 4450 502 4518 (append.
522 4449 583 4503 crit.
602 4450 638 4503 ad
656 4467 683 4505 v.
705 4454 767 4504 lca:
791 4451 886 4519 „dosa
903 4451 968 4506 sind
985 4451 1031 4506 die
1049 4451 1161 4507 Scbcm
1178 4468 1207 4508 ao
1223 4449 1299 4506 daos
