<?xml version="1.0" encoding="UTF-8"?>
<!DOCTYPE html PUBLIC "-//W3C//DTD XHTML 1.0 Transitional//EN"
    "http://www.w3.org/TR/xhtml1/DTD/xhtml1-transitional.dtd">
<html xmlns="http://www.w3.org/1999/xhtml" xml:lang="en" lang="en">
 <head>
  <title>
</title>
<meta http-equiv="Content-Type" content="text/html;charset=utf-8" />
  <meta name='ocr-system' content='tesseract 3.04.00' />
  <meta name='ocr-capabilities' content='ocr_page ocr_carea ocr_par ocr_line ocrx_word'/>
</head>
<body>
  <div class='ocr_page' id='page_1' title='image "./tmacciplauticom03schgoog_0572.png"; bbox 0 0 2948 5594; ppageno 0'>
   <div class='ocr_carea' id='block_1_1' title="bbox 157 279 831 337">
    <p class='ocr_par' dir='ltr' id='par_1_1' title="bbox 157 279 831 337">
     <span class='ocr_line' id='line_1_1' title="bbox 157 279 831 337; baseline -0.001 -1"><span class='ocrx_word' id='word_1_1' title='bbox 157 282 223 337; x_wconf 88' lang='lat' dir='ltr'>VllI</span> <span class='ocrx_word' id='word_1_2' title='bbox 626 279 831 335; x_wconf 77' lang='lat' dir='ltr'><strong>PRAEFATIO</strong></span> 
     </span>
    </p>
   </div>
   <div class='ocr_carea' id='block_1_2' title="bbox 160 443 1308 1008">
    <p class='ocr_par' dir='ltr' id='par_1_2' title="bbox 161 443 1304 528">
     <span class='ocr_line' id='line_1_2' title="bbox 161 443 1304 528; baseline -0.003 -18"><span class='ocrx_word' id='word_1_3' title='bbox 161 445 250 510; x_wconf 85' lang='lat' dir='ltr'>cuius</span> <span class='ocrx_word' id='word_1_4' title='bbox 275 444 440 528; x_wconf 82' lang='lat' dir='ltr'>superiore</span> <span class='ocrx_word' id='word_1_5' title='bbox 460 448 552 527; x_wconf 83' lang='lat' dir='ltr'>parte</span> <span class='ocrx_word' id='word_1_6' title='bbox 575 444 621 507; x_wconf 91' lang='lat' dir='ltr'>nil</span> <span class='ocrx_word' id='word_1_7' title='bbox 640 443 702 507; x_wconf 88' lang='lat' dir='ltr'>nisi</span> <span class='ocrx_word' id='word_1_8' title='bbox 722 443 901 527; x_wconf 72' lang='lat' dir='ltr'>particulae</span> <span class='ocrx_word' id='word_1_9' title='bbox 920 443 1102 508; x_wconf 71' lang='lat' dir='ltr'><strong>laciniatim</strong></span> <span class='ocrx_word' id='word_1_10' title='bbox 1120 443 1304 508; x_wconf 82' lang='lat' dir='ltr'>contractae</span> 
     </span>
    </p>

    <p class='ocr_par' dir='ltr' id='par_1_3' title="bbox 160 548 1305 636">
     <span class='ocr_line' id='line_1_3' title="bbox 160 548 1305 636; baseline -0.003 -20"><span class='ocrx_word' id='word_1_11' title='bbox 160 574 396 636; x_wconf 84' lang='lat' dir='ltr'>conversaeque</span> <span class='ocrx_word' id='word_1_12' title='bbox 421 555 563 632; x_wconf 83' lang='lat' dir='ltr'>exstant,</span> <span class='ocrx_word' id='word_1_13' title='bbox 591 553 668 633; x_wconf 90' lang='lat' dir='ltr'>post</span> <span class='ocrx_word' id='word_1_14' title='bbox 690 550 828 614; x_wconf 84' lang='lat' dir='ltr'>mediam</span> <span class='ocrx_word' id='word_1_15' title='bbox 857 550 1009 635; x_wconf 80' lang='lat' dir='ltr'>paginam</span> <span class='ocrx_word' id='word_1_16' title='bbox 1032 550 1132 633; x_wconf 89' lang='lat' dir='ltr'>paulo</span> <span class='ocrx_word' id='word_1_17' title='bbox 1154 549 1252 632; x_wconf 87' lang='lat' dir='ltr'>plura</span> <span class='ocrx_word' id='word_1_18' title='bbox 1272 548 1305 612; x_wconf 87' lang='lat' dir='ltr'>in</span> 
     </span>
    </p>

    <p class='ocr_par' dir='ltr' id='par_1_4' title="bbox 160 655 1305 742">
     <span class='ocr_line' id='line_1_4' title="bbox 160 655 1305 742; baseline -0.003 -20"><span class='ocrx_word' id='word_1_19' title='bbox 160 662 297 742; x_wconf 90' lang='lat' dir='ltr'>utroque</span> <span class='ocrx_word' id='word_1_20' title='bbox 331 658 433 722; x_wconf 89' lang='lat' dir='ltr'>latere</span> <span class='ocrx_word' id='word_1_21' title='bbox 466 658 530 741; x_wconf 82' lang='lat' dir='ltr'>legi</span> <span class='ocrx_word' id='word_1_22' title='bbox 562 660 714 740; x_wconf 89' lang='lat' dir='ltr'>possunt,</span> <span class='ocrx_word' id='word_1_23' title='bbox 747 657 780 720; x_wconf 92' lang='lat' dir='ltr'>in</span> <span class='ocrx_word' id='word_1_24' title='bbox 808 661 952 722; x_wconf 86' lang='lat' dir='ltr'>extremo</span> <span class='ocrx_word' id='word_1_25' title='bbox 984 656 1115 721; x_wconf 92' lang='lat' dir='ltr'>demum</span> <span class='ocrx_word' id='word_1_26' title='bbox 1144 655 1305 740; x_wconf 77' lang='lat' dir='ltr'>pleniores</span> 
     </span>
    </p>

    <p class='ocr_par' dir='ltr' id='par_1_5' title="bbox 160 759 1306 848">
     <span class='ocr_line' id='line_1_5' title="bbox 160 759 1306 848; baseline -0.003 -19"><span class='ocrx_word' id='word_1_27' title='bbox 160 768 236 829; x_wconf 86' lang='lat' dir='ltr'>sunt</span> <span class='ocrx_word' id='word_1_28' title='bbox 264 786 385 829; x_wconf 84' lang='lat' dir='ltr'>versus.</span> <span class='ocrx_word' id='word_1_29' title='bbox 431 763 545 847; x_wconf 89' lang='lat' dir='ltr'>ltaque</span> <span class='ocrx_word' id='word_1_30' title='bbox 568 786 598 846; x_wconf 91' lang='lat' dir='ltr'>p.</span> <span class='ocrx_word' id='word_1_31' title='bbox 624 763 688 827; x_wconf 83' lang='lat'>219</span> <span class='ocrx_word' id='word_1_32' title='bbox 713 762 773 826; x_wconf 87' lang='lat' dir='ltr'>sub</span> <span class='ocrx_word' id='word_1_33' title='bbox 796 763 892 828; x_wconf 90' lang='lat' dir='ltr'>finem</span> <span class='ocrx_word' id='word_1_34' title='bbox 921 761 965 847; x_wconf 87' lang='lat' dir='ltr'>(v.</span> <span class='ocrx_word' id='word_1_35' title='bbox 990 759 1143 848; x_wconf 86' lang='lat'>11-19)</span> <span class='ocrx_word' id='word_1_36' title='bbox 1172 766 1253 827; x_wconf 87' lang='lat' dir='ltr'>sunt</span> <span class='ocrx_word' id='word_1_37' title='bbox 1278 784 1306 826; x_wconf 81' lang='lat' dir='ltr'>r.</span> 
     </span>
    </p>

    <p class='ocr_par' dir='ltr' id='par_1_6' title="bbox 162 869 1308 1008">
     <span class='ocr_line' id='line_1_6' title="bbox 162 869 1308 953; baseline -0.001 -19"><span class='ocrx_word' id='word_1_38' title='bbox 162 871 389 936; x_wconf 88' lang='grc'><strong>1023-1029</strong></span> <span class='ocrx_word' id='word_1_39' title='bbox 421 870 565 953; x_wconf 89' lang='lat' dir='ltr'>dispesto</span> <span class='ocrx_word' id='word_1_40' title='bbox 597 893 624 933; x_wconf 83' lang='lat' dir='ltr'>v.</span> <span class='ocrx_word' id='word_1_41' title='bbox 656 870 698 933; x_wconf 93' lang='grc'>14</span> <span class='ocrx_word' id='word_1_42' title='bbox 726 899 769 922; x_wconf 93' lang='lat'>=</span> <span class='ocrx_word' id='word_1_43' title='bbox 799 870 884 934; x_wconf 94' lang='grc'><strong>1026</strong></span> <span class='ocrx_word' id='word_1_44' title='bbox 915 872 949 933; x_wconf 90' lang='grc'>01</span> <span class='ocrx_word' id='word_1_45' title='bbox 977 890 1079 934; x_wconf 85' lang='lat' dir='ltr'>vacuo</span> <span class='ocrx_word' id='word_1_46' title='bbox 1110 872 1147 934; x_wconf 92' lang='lat' dir='ltr'>ut</span> <span class='ocrx_word' id='word_1_47' title='bbox 1180 869 1308 934; x_wconf 81' lang='lat' dir='ltr'>videtur</span> 
     </span>
     <span class='ocr_line' id='line_1_7' title="bbox 1062 970 1073 1008; baseline 0 0"><span class='ocrx_word' id='word_1_48' title='bbox 1062 970 1073 1008; x_wconf 79' lang='lat' dir='ltr'>&#39;l</span> 
     </span>
    </p>
   </div>
   <div class='ocr_carea' id='block_1_3' title="bbox 161 1010 1315 3435">
    <p class='ocr_par' dir='ltr' id='par_1_7' title="bbox 161 1010 1315 3435">
     <span class='ocr_line' id='line_1_8' title="bbox 162 1010 1310 1090; baseline -0.001 -14"><span class='ocrx_word' id='word_1_49' title='bbox 162 1036 189 1076; x_wconf 88' lang='lat' dir='ltr'>v.</span> <span class='ocrx_word' id='word_1_50' title='bbox 215 1013 265 1078; x_wconf 82' lang='lat'>18.</span> <span class='ocrx_word' id='word_1_51' title='bbox 311 1011 482 1077; x_wconf 87' lang='lat' dir='ltr'>Praeterea</span> <span class='ocrx_word' id='word_1_52' title='bbox 508 1010 588 1074; x_wconf 92' lang='lat' dir='ltr'><strong>nihil</strong></span> <span class='ocrx_word' id='word_1_53' title='bbox 612 1012 758 1075; x_wconf 86' lang='lat' dir='ltr'>enotavit</span> <span class='ocrx_word' id='word_1_54' title='bbox 780 1010 928 1076; x_wconf 88' lang='lat' dir='ltr'>Loewius</span> <span class='ocrx_word' id='word_1_55' title='bbox 950 1011 1013 1076; x_wconf 90' lang='lat' dir='ltr'>nisi</span> <span class='ocrx_word' id='word_1_56' title='bbox 1034 1029 1081 1090; x_wconf 83' lang='lat' dir='ltr'>Qu</span> <span class='ocrx_word' id='word_1_57' title='bbox 1104 1013 1146 1077; x_wconf 85' lang='lat' dir='ltr'>ab</span> <span class='ocrx_word' id='word_1_58' title='bbox 1165 1012 1264 1077; x_wconf 92' lang='lat' dir='ltr'>initio</span> <span class='ocrx_word' id='word_1_59' title='bbox 1281 1034 1310 1076; x_wconf 82' lang='lat' dir='ltr'>v.</span> 
     </span>
     <span class='ocr_line' id='line_1_9' title="bbox 162 1118 1310 1202; baseline 0.002 -20"><span class='ocrx_word' id='word_1_60' title='bbox 162 1120 197 1202; x_wconf 86' lang='lat'>9,</span> <span class='ocrx_word' id='word_1_61' title='bbox 220 1119 304 1182; x_wconf 90' lang='lat' dir='ltr'>unde</span> <span class='ocrx_word' id='word_1_62' title='bbox 329 1118 434 1184; x_wconf 85' lang='lat' dir='ltr'>effecit</span> <span class='ocrx_word' id='word_1_63' title='bbox 458 1123 515 1182; x_wconf 90' lang='lat' dir='ltr'>aut</span> <span class='ocrx_word' id='word_1_64' title='bbox 538 1118 886 1183; x_wconf 73' lang='grc'><strong>1010001018-1022</strong></span> <span class='ocrx_word' id='word_1_65' title='bbox 906 1119 1044 1184; x_wconf 76' lang='lat' dir='ltr'>omissos</span> <span class='ocrx_word' id='word_1_66' title='bbox 1067 1139 1138 1183; x_wconf 89' lang='lat' dir='ltr'>esse</span> <span class='ocrx_word' id='word_1_67' title='bbox 1161 1119 1310 1202; x_wconf 86' lang='lat' dir='ltr'>dispesto</span> 
     </span>
     <span class='ocr_line' id='line_1_10' title="bbox 161 1224 1311 1307; baseline 0.001 -19"><span class='ocrx_word' id='word_1_68' title='bbox 161 1227 237 1289; x_wconf 86' lang='lat' dir='ltr'>ante</span> <span class='ocrx_word' id='word_1_69' title='bbox 256 1248 283 1288; x_wconf 89' lang='lat' dir='ltr'>v.</span> <span class='ocrx_word' id='word_1_70' title='bbox 302 1225 386 1289; x_wconf 88' lang='grc'><strong>1023</strong></span> <span class='ocrx_word' id='word_1_71' title='bbox 405 1246 498 1288; x_wconf 85' lang='lat' dir='ltr'>versu</span> <span class='ocrx_word' id='word_1_72' title='bbox 524 1225 605 1287; x_wconf 80' lang='grc'><strong>1011</strong></span> <span class='ocrx_word' id='word_1_73' title='bbox 626 1245 784 1307; x_wconf 91' lang='lat' dir='ltr'>—quem</span> <span class='ocrx_word' id='word_1_74' title='bbox 807 1225 859 1288; x_wconf 85' lang='lat' dir='ltr'>vix</span> <span class='ocrx_word' id='word_1_75' title='bbox 879 1224 1051 1291; x_wconf 78' lang='lat' dir='ltr'>credideris</span> <span class='ocrx_word' id='word_1_76' title='bbox 1073 1226 1171 1290; x_wconf 90' lang='lat' dir='ltr'>unius</span> <span class='ocrx_word' id='word_1_77' title='bbox 1196 1247 1311 1291; x_wconf 80' lang='lat' dir='ltr'>versus</span> 
     </span>
     <span class='ocr_line' id='line_1_11' title="bbox 161 1330 1311 1415; baseline 0.001 -20"><span class='ocrx_word' id='word_1_78' title='bbox 161 1332 303 1415; x_wconf 81' lang='lat' dir='ltr'>spatium</span> <span class='ocrx_word' id='word_1_79' title='bbox 333 1330 481 1395; x_wconf 85' lang='lat' dir='ltr'>excedere</span> <span class='ocrx_word' id='word_1_80' title='bbox 508 1367 544 1377; x_wconf 95' lang='lat'>—</span> <span class='ocrx_word' id='word_1_81' title='bbox 572 1334 628 1394; x_wconf 90' lang='lat' dir='ltr'>aut</span> <span class='ocrx_word' id='word_1_82' title='bbox 654 1330 739 1394; x_wconf 90' lang='lat' dir='ltr'>inter</span> <span class='ocrx_word' id='word_1_83' title='bbox 767 1353 878 1395; x_wconf 85' lang='lat' dir='ltr'>versus</span> <span class='ocrx_word' id='word_1_84' title='bbox 905 1332 991 1397; x_wconf 89' lang='grc'><strong>1022</strong></span> <span class='ocrx_word' id='word_1_85' title='bbox 1018 1336 1052 1396; x_wconf 86' lang='grc'>01</span> <span class='ocrx_word' id='word_1_86' title='bbox 1078 1331 1164 1396; x_wconf 85' lang='grc'><strong>1023</strong></span> <span class='ocrx_word' id='word_1_87' title='bbox 1189 1330 1311 1396; x_wconf 70' lang='lat' dir='ltr'>‘tauto</span> 
     </span>
     <span class='ocr_line' id='line_1_12' title="bbox 162 1436 1312 1521; baseline 0.001 -19"><span class='ocrx_word' id='word_1_88' title='bbox 162 1436 265 1521; x_wconf 84' lang='lat' dir='ltr'>logos&#39;</span> <span class='ocrx_word' id='word_1_89' title='bbox 282 1436 380 1501; x_wconf 90' lang='lat' dir='ltr'>alium</span> <span class='ocrx_word' id='word_1_90' title='bbox 401 1437 630 1518; x_wconf 82' lang='lat' dir='ltr'>intercessisse,</span> <span class='ocrx_word' id='word_1_91' title='bbox 646 1436 701 1521; x_wconf 94' lang='lat' dir='ltr'>qui</span> <span class='ocrx_word' id='word_1_92' title='bbox 716 1437 940 1520; x_wconf 87' lang='lat' dir='ltr'>quaestionem</span> <span class='ocrx_word' id='word_1_93' title='bbox 958 1438 1151 1503; x_wconf 73' lang='lat' dir='ltr'>indirectam</span> <span class='ocrx_word' id='word_1_94' title='bbox 1167 1460 1189 1503; x_wconf 90' lang='lat' dir='ltr'>a</span> <span class='ocrx_word' id='word_1_95' title='bbox 1204 1438 1312 1503; x_wconf 77' lang='lat' dir='ltr'>serbis</span> 
     </span>
     <span class='ocr_line' id='line_1_13' title="bbox 162 1544 1314 1628; baseline 0 -20"><span class='ocrx_word' id='word_1_96' title='bbox 162 1545 197 1608; x_wconf 81' lang='lat' dir='ltr'>in</span> <span class='ocrx_word' id='word_1_97' title='bbox 215 1552 395 1609; x_wconf 75' lang='lat' dir='ltr'>memorsnm</span> <span class='ocrx_word' id='word_1_98' title='bbox 413 1545 500 1609; x_wconf 81' lang='lat' dir='ltr'>redeo</span> <span class='ocrx_word' id='word_1_99' title='bbox 513 1564 605 1625; x_wconf 79' lang='lat' dir='ltr'>quom</span> <span class='ocrx_word' id='word_1_100' title='bbox 622 1564 738 1608; x_wconf 80' lang='lat' dir='ltr'>nwcum</span> <span class='ocrx_word' id='word_1_101' title='bbox 756 1545 883 1628; x_wconf 69' lang='lat' dir='ltr'>resopita</span> <span class='ocrx_word' id='word_1_102' title='bbox 897 1544 1091 1628; x_wconf 85' lang='lat' dir='ltr'>pendentem</span> <span class='ocrx_word' id='word_1_103' title='bbox 1111 1544 1314 1610; x_wconf 86' lang='lat' dir='ltr'>continuerit</span> 
     </span>
     <span class='ocr_line' id='line_1_14' title="bbox 161 1648 1313 1736; baseline 0.003 -22"><span class='ocrx_word' id='word_1_104' title='bbox 161 1650 229 1736; x_wconf 81' lang='lat' dir='ltr'>(vix</span> <span class='ocrx_word' id='word_1_105' title='bbox 257 1673 277 1714; x_wconf 81' lang='lat' dir='ltr'>u</span> <span class='ocrx_word' id='word_1_106' title='bbox 305 1668 408 1727; x_wconf 73' lang='grc'><strong>00101</strong></span> <span class='ocrx_word' id='word_1_107' title='bbox 442 1649 623 1734; x_wconf 86' lang='lat' dir='ltr'>inceperit).</span> <span class='ocrx_word' id='word_1_108' title='bbox 674 1648 768 1715; x_wconf 85' lang='lat' dir='ltr'>Vnde</span> <span class='ocrx_word' id='word_1_109' title='bbox 797 1673 825 1714; x_wconf 89' lang='lat' dir='ltr'>v.</span> <span class='ocrx_word' id='word_1_110' title='bbox 851 1652 948 1716; x_wconf 90' lang='lat'>1-8</span> <span class='ocrx_word' id='word_1_111' title='bbox 981 1651 1077 1716; x_wconf 87' lang='lat' dir='ltr'>huius</span> <span class='ocrx_word' id='word_1_112' title='bbox 1114 1651 1259 1735; x_wconf 84' lang='lat' dir='ltr'>paginae</span> <span class='ocrx_word' id='word_1_113' title='bbox 1285 1674 1313 1718; x_wconf 82' lang='lat' dir='ltr'>s.</span> 
     </span>
     <span class='ocr_line' id='line_1_15' title="bbox 164 1756 1314 1842; baseline 0.002 -21"><span class='ocrx_word' id='word_1_114' title='bbox 164 1757 249 1822; x_wconf 87' lang='grc'><strong>1016</strong></span> <span class='ocrx_word' id='word_1_115' title='bbox 277 1757 327 1820; x_wconf 87' lang='lat' dir='ltr'>vel</span> <span class='ocrx_word' id='word_1_116' title='bbox 359 1757 587 1822; x_wconf 81' lang='grc'><strong>1017-1022</strong></span> <span class='ocrx_word' id='word_1_117' title='bbox 615 1756 802 1839; x_wconf 89' lang='lat' dir='ltr'>praebuisse</span> <span class='ocrx_word' id='word_1_118' title='bbox 831 1756 1033 1842; x_wconf 82' lang='lat' dir='ltr'>computavit</span> <span class='ocrx_word' id='word_1_119' title='bbox 1063 1757 1227 1841; x_wconf 82' lang='lat' dir='ltr'>bipartito</span> <span class='ocrx_word' id='word_1_120' title='bbox 1258 1764 1314 1823; x_wconf 88' lang='lat' dir='ltr'>aut</span> 
     </span>
     <span class='ocr_line' id='line_1_16' title="bbox 162 1861 1315 1948; baseline 0.001 -21"><span class='ocrx_word' id='word_1_121' title='bbox 162 1885 226 1927; x_wconf 95' lang='lat' dir='ltr'>uno</span> <span class='ocrx_word' id='word_1_122' title='bbox 255 1885 349 1928; x_wconf 88' lang='lat' dir='ltr'>versu</span> <span class='ocrx_word' id='word_1_123' title='bbox 377 1868 434 1928; x_wconf 89' lang='lat' dir='ltr'>aut</span> <span class='ocrx_word' id='word_1_124' title='bbox 460 1863 559 1926; x_wconf 86' lang='lat' dir='ltr'>etiam</span> <span class='ocrx_word' id='word_1_125' title='bbox 587 1861 713 1927; x_wconf 90' lang='lat' dir='ltr'>duobus</span> <span class='ocrx_word' id='word_1_126' title='bbox 744 1861 868 1947; x_wconf 78' lang='grc'><strong>(10181</strong></span> <span class='ocrx_word' id='word_1_127' title='bbox 894 1863 1026 1948; x_wconf 78' lang='grc'><strong>10191).</strong></span> <span class='ocrx_word' id='word_1_128' title='bbox 1072 1863 1167 1940; x_wconf 84' lang='lat' dir='ltr'>Quod</span> <span class='ocrx_word' id='word_1_129' title='bbox 1196 1886 1272 1929; x_wconf 90' lang='lat' dir='ltr'>oum</span> <span class='ocrx_word' id='word_1_130' title='bbox 1295 1887 1315 1928; x_wconf 89' lang='lat' dir='ltr'>a</span> 
     </span>
     <span class='ocr_line' id='line_1_17' title="bbox 162 1968 1313 2054; baseline 0.003 -21"><span class='ocrx_word' id='word_1_131' title='bbox 162 1968 292 2034; x_wconf 86' lang='lat' dir='ltr'>Loewio</span> <span class='ocrx_word' id='word_1_132' title='bbox 318 1969 561 2054; x_wconf 81' lang='lat' dir='ltr'>comperissem,</span> <span class='ocrx_word' id='word_1_133' title='bbox 589 1990 655 2033; x_wconf 90' lang='lat' dir='ltr'>non</span> <span class='ocrx_word' id='word_1_134' title='bbox 679 1968 748 2033; x_wconf 91' lang='lat' dir='ltr'>sine</span> <span class='ocrx_word' id='word_1_135' title='bbox 772 1969 941 2052; x_wconf 82' lang='lat' dir='ltr'>voluptate</span> <span class='ocrx_word' id='word_1_136' title='bbox 967 1969 1088 2054; x_wconf 89' lang='lat' dir='ltr'>excepi.</span> <span class='ocrx_word' id='word_1_137' title='bbox 1134 1968 1202 2035; x_wconf 88' lang='lat' dir='ltr'>Diu</span> <span class='ocrx_word' id='word_1_138' title='bbox 1227 1972 1313 2036; x_wconf 90' lang='lat' dir='ltr'>enim</span> 
     </span>
     <span class='ocr_line' id='line_1_18' title="bbox 163 2074 1315 2160; baseline 0.002 -20"><span class='ocrx_word' id='word_1_139' title='bbox 163 2080 246 2159; x_wconf 88' lang='lat' dir='ltr'>erat,</span> <span class='ocrx_word' id='word_1_140' title='bbox 270 2098 308 2141; x_wconf 84' lang='lat' dir='ltr'>ex</span> <span class='ocrx_word' id='word_1_141' title='bbox 332 2098 395 2159; x_wconf 91' lang='lat' dir='ltr'>quo</span> <span class='ocrx_word' id='word_1_142' title='bbox 420 2075 620 2140; x_wconf 90' lang='lat' dir='ltr'>conieceram</span> <span class='ocrx_word' id='word_1_143' title='bbox 647 2112 683 2122; x_wconf 95' lang='lat'>—</span> <span class='ocrx_word' id='word_1_144' title='bbox 707 2074 915 2160; x_wconf 85' lang='lat' dir='ltr'>quodetiam</span> <span class='ocrx_word' id='word_1_145' title='bbox 937 2097 1023 2142; x_wconf 86' lang='lat' dir='ltr'>nuno</span> <span class='ocrx_word' id='word_1_146' title='bbox 1045 2079 1142 2141; x_wconf 85' lang='lat' dir='ltr'>teneo</span> <span class='ocrx_word' id='word_1_147' title='bbox 1166 2078 1204 2124; x_wconf 86' lang='lat'>&#39;-</span> <span class='ocrx_word' id='word_1_148' title='bbox 1228 2077 1315 2142; x_wconf 87' lang='lat' dir='ltr'>inter</span> 
     </span>
     <span class='ocr_line' id='line_1_19' title="bbox 162 2181 1314 2268; baseline 0.003 -22"><span class='ocrx_word' id='word_1_149' title='bbox 162 2204 273 2264; x_wconf 70' lang='lat' dir='ltr'>uersus</span> <span class='ocrx_word' id='word_1_150' title='bbox 299 2182 385 2246; x_wconf 91' lang='grc'><strong>1022</strong></span> <span class='ocrx_word' id='word_1_151' title='bbox 408 2186 441 2246; x_wconf 91' lang='grc'>01</span> <span class='ocrx_word' id='word_1_152' title='bbox 467 2184 551 2247; x_wconf 88' lang='grc'><strong>1023</strong></span> <span class='ocrx_word' id='word_1_153' title='bbox 579 2182 726 2247; x_wconf 91' lang='lat' dir='ltr'>lacunam</span> <span class='ocrx_word' id='word_1_154' title='bbox 755 2181 960 2247; x_wconf 86' lang='lat' dir='ltr'>statuendam</span> <span class='ocrx_word' id='word_1_155' title='bbox 989 2204 1074 2247; x_wconf 87' lang='lat' dir='ltr'>esse:</span> <span class='ocrx_word' id='word_1_156' title='bbox 1103 2204 1186 2266; x_wconf 90' lang='lat' dir='ltr'>quos</span> <span class='ocrx_word' id='word_1_157' title='bbox 1210 2205 1314 2268; x_wconf 92' lang='lat' dir='ltr'>neque</span> 
     </span>
     <span class='ocr_line' id='line_1_20' title="bbox 163 2288 1313 2372; baseline 0.002 -20"><span class='ocrx_word' id='word_1_158' title='bbox 163 2289 319 2354; x_wconf 85' lang='lat' dir='ltr'>violenter</span> <span class='ocrx_word' id='word_1_159' title='bbox 352 2310 424 2352; x_wconf 91' lang='lat' dir='ltr'>cum</span> <span class='ocrx_word' id='word_1_160' title='bbox 458 2289 620 2352; x_wconf 92' lang='lat' dir='ltr'>nonnullis</span> <span class='ocrx_word' id='word_1_161' title='bbox 654 2288 687 2351; x_wconf 92' lang='lat' dir='ltr'>in</span> <span class='ocrx_word' id='word_1_162' title='bbox 720 2310 819 2352; x_wconf 91' lang='lat' dir='ltr'>unum</span> <span class='ocrx_word' id='word_1_163' title='bbox 855 2288 988 2354; x_wconf 89' lang='lat' dir='ltr'>conflari</span> <span class='ocrx_word' id='word_1_164' title='bbox 1019 2311 1116 2372; x_wconf 88' lang='lat' dir='ltr'>posse</span> <span class='ocrx_word' id='word_1_165' title='bbox 1148 2290 1313 2356; x_wconf 81' lang='lat' dir='ltr'>crederem</span> 
     </span>
     <span class='ocr_line' id='line_1_21' title="bbox 163 2394 1313 2481; baseline 0.003 -23"><span class='ocrx_word' id='word_1_166' title='bbox 163 2416 267 2479; x_wconf 90' lang='lat' dir='ltr'>neque</span> <span class='ocrx_word' id='word_1_167' title='bbox 278 2417 337 2479; x_wconf 88' lang='lat' dir='ltr'>pro</span> <span class='ocrx_word' id='word_1_168' title='bbox 348 2394 570 2479; x_wconf 82' lang='lat' dir='ltr'>dittographia</span> <span class='ocrx_word' id='word_1_169' title='bbox 584 2394 697 2459; x_wconf 86' lang='lat' dir='ltr'>haberi</span> <span class='ocrx_word' id='word_1_170' title='bbox 712 2417 783 2458; x_wconf 90' lang='lat' dir='ltr'>cum</span> <span class='ocrx_word' id='word_1_171' title='bbox 798 2394 961 2480; x_wconf 91' lang='lat' dir='ltr'>plerisque</span> <span class='ocrx_word' id='word_1_172' title='bbox 967 2395 1014 2481; x_wconf 77' lang='grc' dir='ltr'>*)τ</span> <span class='ocrx_word' id='word_1_173' title='bbox 1028 2417 1107 2460; x_wconf 88' lang='lat' dir='ltr'>nam</span> <span class='ocrx_word' id='word_1_174' title='bbox 1122 2418 1198 2461; x_wconf 88' lang='lat' dir='ltr'>cum</span> <span class='ocrx_word' id='word_1_175' title='bbox 1213 2397 1313 2462; x_wconf 81' lang='lat' dir='ltr'>rerba</span> 
     </span>
     <span class='ocr_line' id='line_1_22' title="bbox 163 2501 1312 2588; baseline 0.002 -23"><span class='ocrx_word' id='word_1_176' title='bbox 163 2503 253 2584; x_wconf 72' lang='grc'><strong>00001</strong></span> <span class='ocrx_word' id='word_1_177' title='bbox 279 2523 338 2585; x_wconf 83' lang='lat' dir='ltr'>per</span> <span class='ocrx_word' id='word_1_178' title='bbox 368 2502 512 2566; x_wconf 77' lang='lat' dir='ltr'>nebulum</span> <span class='ocrx_word' id='word_1_179' title='bbox 540 2524 567 2566; x_wconf 87' lang='lat' dir='ltr'>v.</span> <span class='ocrx_word' id='word_1_180' title='bbox 600 2501 684 2565; x_wconf 90' lang='grc'><strong>1024</strong></span> <span class='ocrx_word' id='word_1_181' title='bbox 716 2501 814 2565; x_wconf 86' lang='lat' dir='ltr'>verbo</span> <span class='ocrx_word' id='word_1_182' title='bbox 846 2503 973 2584; x_wconf 72' lang='lat' dir='ltr'>receptio</span> <span class='ocrx_word' id='word_1_183' title='bbox 1001 2524 1029 2566; x_wconf 84' lang='lat' dir='ltr'>v.</span> <span class='ocrx_word' id='word_1_184' title='bbox 1057 2501 1145 2567; x_wconf 91' lang='grc'><strong>1022</strong></span> <span class='ocrx_word' id='word_1_185' title='bbox 1180 2503 1312 2588; x_wconf 83' lang='lat' dir='ltr'>adiungi</span> 
     </span>
     <span class='ocr_line' id='line_1_23' title="bbox 163 2609 1312 2691; baseline 0.001 -19"><span class='ocrx_word' id='word_1_186' title='bbox 163 2612 338 2691; x_wconf 83' lang='lat' dir='ltr'>nequeunt,</span> <span class='ocrx_word' id='word_1_187' title='bbox 366 2609 472 2671; x_wconf 88' lang='lat' dir='ltr'>verbis</span> <span class='ocrx_word' id='word_1_188' title='bbox 501 2613 607 2671; x_wconf 88' lang='lat' dir='ltr'>autem</span> <span class='ocrx_word' id='word_1_189' title='bbox 636 2616 671 2671; x_wconf 80' lang='lat' dir='ltr'>in</span> <span class='ocrx_word' id='word_1_190' title='bbox 693 2610 873 2672; x_wconf 75' lang='lat' dir='ltr'>cremoriom</span> <span class='ocrx_word' id='word_1_191' title='bbox 895 2610 982 2672; x_wconf 80' lang='lat' dir='ltr'>redeo</span> <span class='ocrx_word' id='word_1_192' title='bbox 1012 2609 1070 2672; x_wconf 93' lang='lat' dir='ltr'>illo</span> <span class='ocrx_word' id='word_1_193' title='bbox 1094 2609 1312 2675; x_wconf 86' lang='lat' dir='ltr'>intercedente</span> 
     </span>
     <span class='ocr_line' id='line_1_24' title="bbox 165 2713 1307 2797; baseline 0.004 -21"><span class='ocrx_word' id='word_1_194' title='bbox 165 2734 261 2796; x_wconf 81' lang='lat' dir='ltr'>aegre</span> <span class='ocrx_word' id='word_1_195' title='bbox 285 2713 499 2796; x_wconf 88' lang='lat' dir='ltr'>adplicantur,</span> <span class='ocrx_word' id='word_1_196' title='bbox 522 2717 592 2776; x_wconf 86' lang='lat' dir='ltr'>tum</span> <span class='ocrx_word' id='word_1_197' title='bbox 616 2714 688 2797; x_wconf 89' lang='lat' dir='ltr'>ipsa</span> <span class='ocrx_word' id='word_1_198' title='bbox 711 2714 842 2778; x_wconf 88' lang='lat' dir='ltr'>exordia</span> <span class='ocrx_word' id='word_1_199' title='bbox 866 2714 985 2779; x_wconf 87' lang='lat' dir='ltr'>similia</span> <span class='ocrx_word' id='word_1_200' title='bbox 1010 2715 1104 2779; x_wconf 78' lang='lat' dir='ltr'>Nunc</span> <span class='ocrx_word' id='word_1_201' title='bbox 1126 2717 1252 2780; x_wconf 83' lang='lat' dir='ltr'>dernum</span> <span class='ocrx_word' id='word_1_202' title='bbox 1274 2753 1307 2762; x_wconf 95' lang='lat'>—</span> 
     </span>
     <span class='ocr_line' id='line_1_25' title="bbox 164 2819 1311 2907; baseline 0.003 -23"><span class='ocrx_word' id='word_1_203' title='bbox 164 2821 258 2885; x_wconf 83' lang='lat' dir='ltr'>Nunc</span> <span class='ocrx_word' id='word_1_204' title='bbox 281 2821 405 2902; x_wconf 85' lang='lat' dir='ltr'>edepol</span> <span class='ocrx_word' id='word_1_205' title='bbox 428 2822 550 2884; x_wconf 69' lang='lat' dir='ltr'>dentum</span> <span class='ocrx_word' id='word_1_206' title='bbox 569 2819 680 2883; x_wconf 87' lang='lat' dir='ltr'>eadem</span> <span class='ocrx_word' id='word_1_207' title='bbox 706 2820 772 2884; x_wconf 87' lang='lat' dir='ltr'>fere</span> <span class='ocrx_word' id='word_1_208' title='bbox 791 2821 916 2884; x_wconf 86' lang='lat' dir='ltr'>ratione</span> <span class='ocrx_word' id='word_1_209' title='bbox 935 2821 1019 2884; x_wconf 87' lang='lat' dir='ltr'>inter</span> <span class='ocrx_word' id='word_1_210' title='bbox 1042 2844 1077 2885; x_wconf 86' lang='lat' dir='ltr'>se</span> <span class='ocrx_word' id='word_1_211' title='bbox 1095 2824 1311 2907; x_wconf 88' lang='lat' dir='ltr'>continentur,</span> 
     </span>
     <span class='ocr_line' id='line_1_26' title="bbox 165 2926 1310 3010; baseline 0.004 -20"><span class='ocrx_word' id='word_1_212' title='bbox 165 2948 229 3009; x_wconf 91' lang='lat' dir='ltr'>qua</span> <span class='ocrx_word' id='word_1_213' title='bbox 252 2948 364 2989; x_wconf 87' lang='lat' dir='ltr'>versus</span> <span class='ocrx_word' id='word_1_214' title='bbox 388 2927 454 2990; x_wconf 76' lang='lat'>805</span> <span class='ocrx_word' id='word_1_215' title='bbox 469 2926 579 2990; x_wconf 90' lang='grc'><strong>01811</strong></span> <span class='ocrx_word' id='word_1_216' title='bbox 603 2926 680 2989; x_wconf 87' lang='lat' dir='ltr'>item</span> <span class='ocrx_word' id='word_1_217' title='bbox 706 2948 874 3008; x_wconf 88' lang='lat' dir='ltr'>perperam</span> <span class='ocrx_word' id='word_1_218' title='bbox 898 2949 918 2989; x_wconf 86' lang='lat' dir='ltr'>a</span> <span class='ocrx_word' id='word_1_219' title='bbox 942 2927 1106 2991; x_wconf 91' lang='lat' dir='ltr'>nonnullis</span> <span class='ocrx_word' id='word_1_220' title='bbox 1130 2951 1192 3010; x_wconf 91' lang='lat' dir='ltr'>pro</span> <span class='ocrx_word' id='word_1_221' title='bbox 1216 2929 1310 2994; x_wconf 85' lang='lat' dir='ltr'>ditto-</span> 
     </span>
     <span class='ocr_line' id='line_1_27' title="bbox 165 3031 1310 3121; baseline 0.003 -26"><span class='ocrx_word' id='word_1_222' title='bbox 165 3031 304 3116; x_wconf 84' lang='lat' dir='ltr'>graphio</span> <span class='ocrx_word' id='word_1_223' title='bbox 336 3032 449 3096; x_wconf 90' lang='lat' dir='ltr'>habiti.</span> <span class='ocrx_word' id='word_1_224' title='bbox 499 3031 607 3115; x_wconf 82' lang='lat' dir='ltr'>Atque</span> <span class='ocrx_word' id='word_1_225' title='bbox 640 3032 760 3094; x_wconf 90' lang='lat' dir='ltr'>lentius</span> <span class='ocrx_word' id='word_1_226' title='bbox 793 3032 839 3096; x_wconf 84' lang='lat' dir='ltr'>sic</span> <span class='ocrx_word' id='word_1_227' title='bbox 870 3031 1055 3115; x_wconf 88' lang='lat' dir='ltr'>Tyndarum</span> <span class='ocrx_word' id='word_1_228' title='bbox 1089 3055 1125 3096; x_wconf 88' lang='lat' dir='ltr'>se</span> <span class='ocrx_word' id='word_1_229' title='bbox 1157 3035 1310 3121; x_wconf 81' lang='lat' dir='ltr'>colligere</span> 
     </span>
     <span class='ocr_line' id='line_1_28' title="bbox 165 3137 1311 3225; baseline 0.004 -23"><span class='ocrx_word' id='word_1_230' title='bbox 165 3138 287 3221; x_wconf 89' lang='lat' dir='ltr'>optime</span> <span class='ocrx_word' id='word_1_231' title='bbox 321 3139 472 3204; x_wconf 89' lang='lat' dir='ltr'>convenit</span> <span class='ocrx_word' id='word_1_232' title='bbox 504 3159 576 3201; x_wconf 92' lang='lat' dir='ltr'>cum</span> <span class='ocrx_word' id='word_1_233' title='bbox 608 3143 680 3201; x_wconf 86' lang='lat' dir='ltr'>tote</span> <span class='ocrx_word' id='word_1_234' title='bbox 711 3137 806 3201; x_wconf 88' lang='lat' dir='ltr'>huius</span> <span class='ocrx_word' id='word_1_235' title='bbox 839 3160 973 3202; x_wconf 84' lang='lat' dir='ltr'>scaenae</span> <span class='ocrx_word' id='word_1_236' title='bbox 1007 3138 1227 3223; x_wconf 88' lang='lat' dir='ltr'>descriptione</span> <span class='ocrx_word' id='word_1_237' title='bbox 1260 3142 1311 3225; x_wconf 84' lang='lat' dir='ltr'>(cf.</span> 
     </span>
     <span class='ocr_line' id='line_1_29' title="bbox 165 3245 1310 3329; baseline 0.002 -20"><span class='ocrx_word' id='word_1_238' title='bbox 165 3246 300 3328; x_wconf 88' lang='lat' dir='ltr'>append.</span> <span class='ocrx_word' id='word_1_239' title='bbox 316 3246 385 3311; x_wconf 89' lang='lat' dir='ltr'>crit.</span> <span class='ocrx_word' id='word_1_240' title='bbox 400 3245 439 3308; x_wconf 86' lang='lat' dir='ltr'>ad</span> <span class='ocrx_word' id='word_1_241' title='bbox 455 3268 483 3309; x_wconf 87' lang='lat' dir='ltr'>v.</span> <span class='ocrx_word' id='word_1_242' title='bbox 498 3247 603 3324; x_wconf 87' lang='lat'>1018).</span> <span class='ocrx_word' id='word_1_243' title='bbox 642 3245 731 3321; x_wconf 83' lang='lat' dir='ltr'>Quae</span> <span class='ocrx_word' id='word_1_244' title='bbox 751 3246 910 3309; x_wconf 89' lang='lat' dir='ltr'>sententia</span> <span class='ocrx_word' id='word_1_245' title='bbox 929 3246 994 3309; x_wconf 85' lang='lat' dir='ltr'>ium</span> <span class='ocrx_word' id='word_1_246' title='bbox 1013 3246 1108 3329; x_wconf 90' lang='lat' dir='ltr'>plane</span> <span class='ocrx_word' id='word_1_247' title='bbox 1128 3249 1310 3312; x_wconf 87' lang='lat' dir='ltr'>confirmari</span> 
     </span>
     <span class='ocr_line' id='line_1_30' title="bbox 165 3351 1310 3435; baseline 0.003 -21"><span class='ocrx_word' id='word_1_248' title='bbox 165 3351 333 3415; x_wconf 88' lang='lat' dir='ltr'>videbatur</span> <span class='ocrx_word' id='word_1_249' title='bbox 361 3352 479 3416; x_wconf 92' lang='lat' dir='ltr'>codicis</span> <span class='ocrx_word' id='word_1_250' title='bbox 508 3352 727 3435; x_wconf 88' lang='lat' dir='ltr'>antiquissimi</span> <span class='ocrx_word' id='word_1_251' title='bbox 754 3353 951 3417; x_wconf 82' lang='lat' dir='ltr'>testimonio.</span> <span class='ocrx_word' id='word_1_252' title='bbox 998 3352 1091 3428; x_wconf 83' lang='lat' dir='ltr'>Quod</span> <span class='ocrx_word' id='word_1_253' title='bbox 1120 3375 1214 3419; x_wconf 88' lang='lat' dir='ltr'>secus</span> <span class='ocrx_word' id='word_1_254' title='bbox 1245 3376 1310 3419; x_wconf 89' lang='lat' dir='ltr'>esse</span> 
     </span>
    </p>
   </div>
   <div class='ocr_carea' id='block_1_4' title="bbox 165 3456 1311 3687">
    <p class='ocr_par' dir='ltr' id='par_1_8' title="bbox 165 3456 1311 3687">
     <span class='ocr_line' id='line_1_31' title="bbox 166 3456 1310 3545; baseline 0.004 -25"><span class='ocrx_word' id='word_1_255' title='bbox 166 3457 313 3522; x_wconf 86' lang='lat' dir='ltr'>intellexi</span> <span class='ocrx_word' id='word_1_256' title='bbox 336 3459 442 3541; x_wconf 90' lang='lat' dir='ltr'>ipsum</span> <span class='ocrx_word' id='word_1_257' title='bbox 465 3458 583 3522; x_wconf 91' lang='lat' dir='ltr'>librum</span> <span class='ocrx_word' id='word_1_258' title='bbox 608 3480 679 3521; x_wconf 92' lang='lat' dir='ltr'>cum</span> <span class='ocrx_word' id='word_1_259' title='bbox 700 3458 899 3539; x_wconf 89' lang='lat' dir='ltr'>inspicerem.</span> <span class='ocrx_word' id='word_1_260' title='bbox 944 3456 1031 3523; x_wconf 91' lang='lat' dir='ltr'>Nam</span> <span class='ocrx_word' id='word_1_261' title='bbox 1049 3463 1082 3522; x_wconf 91' lang='grc'>01</span> <span class='ocrx_word' id='word_1_262' title='bbox 1096 3482 1127 3526; x_wconf 81' lang='lat' dir='ltr'>r.</span> <span class='ocrx_word' id='word_1_263' title='bbox 1144 3461 1196 3543; x_wconf 90' lang='lat'>10,</span> <span class='ocrx_word' id='word_1_264' title='bbox 1220 3483 1310 3545; x_wconf 91' lang='lat' dir='ltr'>quem</span> 
     </span>
     <span class='ocr_line' id='line_1_32' title="bbox 165 3559 1311 3687; baseline 0.004 -24"><span class='ocrx_word' id='word_1_265' title='bbox 165 3601 260 3663; x_wconf 91' lang='lat' dir='ltr'>finem</span> <span class='ocrx_word' id='word_1_266' title='bbox 289 3622 401 3663; x_wconf 85' lang='lat' dir='ltr'>versus</span> <span class='ocrx_word' id='word_1_267' title='bbox 430 3600 470 3663; x_wconf 93' lang='lat' dir='ltr'>ab</span> <span class='ocrx_word' id='word_1_268' title='bbox 500 3559 546 3674; x_wconf 79' lang='grc'>00</span> <span class='ocrx_word' id='word_1_269' title='bbox 573 3599 758 3683; x_wconf 90' lang='lat' dir='ltr'>incipientis</span> <span class='ocrx_word' id='word_1_270' title='bbox 787 3600 953 3664; x_wconf 89' lang='lat' dir='ltr'>continere</span> <span class='ocrx_word' id='word_1_271' title='bbox 981 3598 1133 3667; x_wconf 86' lang='lat' dir='ltr'>Loewius</span> <span class='ocrx_word' id='word_1_272' title='bbox 1162 3603 1311 3687; x_wconf 91' lang='lat' dir='ltr'>opinatus</span> 
     </span>
    </p>
   </div>
   <div class='ocr_carea' id='block_1_5' title="bbox 166 3705 1312 4217">
    <p class='ocr_par' dir='ltr' id='par_1_9' title="bbox 166 3705 1312 4217">
     <span class='ocr_line' id='line_1_33' title="bbox 166 3705 1311 3792; baseline 0.006 -24"><span class='ocrx_word' id='word_1_273' title='bbox 166 3710 237 3768; x_wconf 88' lang='lat' dir='ltr'>erat</span> <span class='ocrx_word' id='word_1_274' title='bbox 277 3706 318 3768; x_wconf 92' lang='lat' dir='ltr'>ab</span> <span class='ocrx_word' id='word_1_275' title='bbox 359 3705 453 3768; x_wconf 92' lang='lat' dir='ltr'>initio</span> <span class='ocrx_word' id='word_1_276' title='bbox 496 3706 713 3787; x_wconf 88' lang='lat' dir='ltr'>conscriptum</span> <span class='ocrx_word' id='word_1_277' title='bbox 754 3705 855 3769; x_wconf 87' lang='lat' dir='ltr'>fuisse</span> <span class='ocrx_word' id='word_1_278' title='bbox 897 3706 962 3770; x_wconf 88' lang='lat' dir='ltr'>vidi</span> <span class='ocrx_word' id='word_1_279' title='bbox 1009 3707 1180 3792; x_wconf 89' lang='lat' dir='ltr'>ipsumque</span> <span class='ocrx_word' id='word_1_280' title='bbox 1219 3725 1311 3774; x_wconf 81' lang='lat' dir='ltr'>nunc</span> 
     </span>
     <span class='ocr_line' id='line_1_34' title="bbox 166 3810 1312 3895; baseline 0.005 -23"><span class='ocrx_word' id='word_1_281' title='bbox 166 3827 291 3873; x_wconf 80' lang='lat' dir='ltr'>nnnnn</span> <span class='ocrx_word' id='word_1_282' title='bbox 317 3810 481 3874; x_wconf 85' lang='lat' dir='ltr'>exordium</span> <span class='ocrx_word' id='word_1_283' title='bbox 508 3812 662 3894; x_wconf 90' lang='lat' dir='ltr'>dispicere</span> <span class='ocrx_word' id='word_1_284' title='bbox 686 3811 765 3874; x_wconf 92' lang='lat' dir='ltr'>mihi</span> <span class='ocrx_word' id='word_1_285' title='bbox 792 3812 878 3875; x_wconf 87' lang='lat' dir='ltr'>visus</span> <span class='ocrx_word' id='word_1_286' title='bbox 903 3834 989 3895; x_wconf 89' lang='lat' dir='ltr'>sum,</span> <span class='ocrx_word' id='word_1_287' title='bbox 1012 3816 1045 3875; x_wconf 92' lang='grc'>01</span> <span class='ocrx_word' id='word_1_288' title='bbox 1069 3812 1189 3878; x_wconf 83' lang='lat' dir='ltr'>elarius</span> <span class='ocrx_word' id='word_1_289' title='bbox 1215 3816 1312 3878; x_wconf 89' lang='lat' dir='ltr'>etiam</span> 
     </span>
     <span class='ocr_line' id='line_1_35' title="bbox 167 3915 1312 4004; baseline 0.008 -29"><span class='ocrx_word' id='word_1_290' title='bbox 167 3915 318 3996; x_wconf 88' lang='lat' dir='ltr'>apparuit</span> <span class='ocrx_word' id='word_1_291' title='bbox 341 3917 479 3997; x_wconf 91' lang='lat' dir='ltr'>primum</span> <span class='ocrx_word' id='word_1_292' title='bbox 503 3918 641 4001; x_wconf 83' lang='lat' dir='ltr'>paginae</span> <span class='ocrx_word' id='word_1_293' title='bbox 666 3918 795 3981; x_wconf 78' lang='lat' dir='ltr'>v&#39;ersum</span> <span class='ocrx_word' id='word_1_294' title='bbox 817 3917 918 3982; x_wconf 86' lang='lat' dir='ltr'>fnisse</span> <span class='ocrx_word' id='word_1_295' title='bbox 941 3919 1082 4001; x_wconf 66' lang='grc'><strong>01015,</strong></span> <span class='ocrx_word' id='word_1_296' title='bbox 1105 3918 1141 3983; x_wconf 91' lang='lat' dir='ltr'>in</span> <span class='ocrx_word' id='word_1_297' title='bbox 1165 3942 1229 4004; x_wconf 90' lang='lat' dir='ltr'>quo</span> <span class='ocrx_word' id='word_1_298' title='bbox 1255 3938 1312 3986; x_wconf 63' lang='lat'>1³11.</span> 
     </span>
     <span class='ocr_line' id='line_1_36' title="bbox 167 4017 1312 4107; baseline 0.007 -24"><span class='ocrx_word' id='word_1_299' title='bbox 167 4023 200 4083; x_wconf 91' lang='lat' dir='ltr'>et</span> <span class='ocrx_word' id='word_1_300' title='bbox 228 4017 383 4106; x_wconf 77' lang='lat' dir='ltr'>u(u)0(n)</span> <span class='ocrx_word' id='word_1_301' title='bbox 416 4022 483 4086; x_wconf 87' lang='lat' dir='ltr'>suis</span> <span class='ocrx_word' id='word_1_302' title='bbox 516 4023 596 4087; x_wconf 88' lang='lat' dir='ltr'>locis</span> <span class='ocrx_word' id='word_1_303' title='bbox 629 4023 851 4107; x_wconf 83' lang='lat' dir='ltr'>dignoscerem</span> <span class='ocrx_word' id='word_1_304' title='bbox 884 4024 979 4088; x_wconf 88' lang='lat' dir='ltr'>certis</span> <span class='ocrx_word' id='word_1_305' title='bbox 1011 4043 1032 4087; x_wconf 79' lang='lat' dir='ltr'>a</span> <span class='ocrx_word' id='word_1_306' title='bbox 1062 4029 1096 4089; x_wconf 89' lang='lat' dir='ltr'>et</span> <span class='ocrx_word' id='word_1_307' title='bbox 1130 4043 1153 4091; x_wconf 91' lang='lat'>0</span> <span class='ocrx_word' id='word_1_308' title='bbox 1186 4027 1312 4107; x_wconf 85' lang='lat' dir='ltr'>litteris,</span> 
     </span>
     <span class='ocr_line' id='line_1_37' title="bbox 167 4127 1312 4217; baseline 0.009 -28"><span class='ocrx_word' id='word_1_309' title='bbox 167 4148 304 4209; x_wconf 88' lang='lat' dir='ltr'>quocum</span> <span class='ocrx_word' id='word_1_310' title='bbox 318 4127 382 4191; x_wconf 89' lang='lat' dir='ltr'>iam</span> <span class='ocrx_word' id='word_1_311' title='bbox 397 4130 548 4193; x_wconf 89' lang='lat' dir='ltr'>convenit</span> <span class='ocrx_word' id='word_1_312' title='bbox 562 4130 647 4213; x_wconf 91' lang='lat' dir='ltr'>quod</span> <span class='ocrx_word' id='word_1_313' title='bbox 662 4130 778 4193; x_wconf 87' lang='lat' dir='ltr'>tertius</span> <span class='ocrx_word' id='word_1_314' title='bbox 794 4130 969 4213; x_wconf 86' lang='lat' dir='ltr'>posthunc</span> <span class='ocrx_word' id='word_1_315' title='bbox 983 4153 1095 4196; x_wconf 86' lang='lat' dir='ltr'>versus</span> <span class='ocrx_word' id='word_1_316' title='bbox 1111 4130 1149 4216; x_wconf 87' lang='grc'>(4</span> <span class='ocrx_word' id='word_1_317' title='bbox 1161 4163 1202 4185; x_wconf 81' lang='lat'>==</span> <span class='ocrx_word' id='word_1_318' title='bbox 1216 4132 1312 4217; x_wconf 88' lang='grc'><strong>1018)</strong></span> 
     </span>
    </p>
   </div>
   <div class='ocr_carea' id='block_1_6' title="bbox 166 4309 1312 4460">
    <p class='ocr_par' dir='ltr' id='par_1_10' title="bbox 166 4309 1312 4460">
     <span class='ocr_line' id='line_1_38' title="bbox 236 4309 1311 4384; baseline 0.007 -22"><span class='ocrx_word' id='word_1_319' title='bbox 236 4311 261 4377; x_wconf 81' lang='grc' dir='ltr'>ΙΙΙ)</span> <span class='ocrx_word' id='word_1_320' title='bbox 279 4309 320 4363; x_wconf 83' lang='grc'>110</span> <span class='ocrx_word' id='word_1_321' title='bbox 335 4311 420 4366; x_wconf 85' lang='lat' dir='ltr'>tertia</span> <span class='ocrx_word' id='word_1_322' title='bbox 439 4311 545 4366; x_wconf 86' lang='lat' dir='ltr'>ratione</span> <span class='ocrx_word' id='word_1_323' title='bbox 565 4311 689 4380; x_wconf 85' lang='lat' dir='ltr'>cogitare</span> <span class='ocrx_word' id='word_1_324' title='bbox 709 4313 822 4368; x_wconf 90' lang='lat' dir='ltr'>omnino</span> <span class='ocrx_word' id='word_1_325' title='bbox 842 4330 897 4369; x_wconf 90' lang='lat' dir='ltr'>non</span> <span class='ocrx_word' id='word_1_326' title='bbox 916 4317 1053 4384; x_wconf 85' lang='lat' dir='ltr'>poteram,</span> <span class='ocrx_word' id='word_1_327' title='bbox 1073 4315 1228 4384; x_wconf 84' lang='lat' dir='ltr'>antequam</span> <span class='ocrx_word' id='word_1_328' title='bbox 1248 4315 1311 4370; x_wconf 83' lang='lat' dir='ltr'>Nie-</span> 
     </span>
     <span class='ocr_line' id='line_1_39' title="bbox 166 4392 1312 4460; baseline 0.011 -20"><span class='ocrx_word' id='word_1_329' title='bbox 166 4404 292 4457; x_wconf 86' lang='lat' dir='ltr'>meyerus</span> <span class='ocrx_word' id='word_1_330' title='bbox 308 4392 489 4460; x_wconf 79' lang='lat' dir='ltr'>excogitavit:</span> <span class='ocrx_word' id='word_1_331' title='bbox 507 4392 589 4446; x_wconf 90' lang='lat' dir='ltr'>nimis</span> <span class='ocrx_word' id='word_1_332' title='bbox 604 4392 679 4446; x_wconf 90' lang='lat' dir='ltr'>enim</span> <span class='ocrx_word' id='word_1_333' title='bbox 693 4393 799 4448; x_wconf 84' lang='lat' dir='ltr'>absona</span> <span class='ocrx_word' id='word_1_334' title='bbox 813 4395 858 4447; x_wconf 88' lang='lat' dir='ltr'>est</span> <span class='ocrx_word' id='word_1_335' title='bbox 876 4395 906 4448; x_wconf 94' lang='lat' dir='ltr'>et</span> <span class='ocrx_word' id='word_1_336' title='bbox 920 4411 937 4449; x_wconf 86' lang='lat' dir='ltr'>a</span> <span class='ocrx_word' id='word_1_337' title='bbox 951 4411 1034 4450; x_wconf 86' lang='lat' dir='ltr'>sensu</span> <span class='ocrx_word' id='word_1_338' title='bbox 1055 4396 1197 4451; x_wconf 85' lang='lat' dir='ltr'>communi</span> <span class='ocrx_word' id='word_1_339' title='bbox 1212 4397 1312 4453; x_wconf 81' lang='lat' dir='ltr'>aliena.</span> 
     </span>
    </p>
   </div>
   <div class='ocr_carea' id='block_1_7' title="bbox 0 0 1489 5594">
    <p class='ocr_par' dir='ltr' id='par_1_11' title="bbox 0 0 1489 5594">
     <span class='ocr_line' id='line_1_40' title="bbox 0 0 1489 5594; baseline 0 0"><span class='ocrx_word' id='word_1_340' title='bbox 0 0 1489 5594; x_wconf 95' lang='lat' dir='ltr'> </span> 
     </span>
    </p>
   </div>
  </div>
 </body>
</html>
