2948 5594
163 345 213 392 xn
632 322 839 379 eunsrnrro

163 487 288 570 scribit3
310 485 404 551 simul
425 490 537 551 monet
550 488 712 570 Arreptom
731 509 770 552 ex
787 486 955 552 Juvenalis
972 485 1001 551 V
1019 487 1061 551 72
1083 486 1311 572 depromptum

161 616 231 657 esse
254 615 359 677 posse.
1095 667 1108 689 ο

253 699 291 765 V.
310 700 387 766 511.
420 701 703 766 murobatharii
727 701 921 785 scripturam
940 699 1097 766 intactam
1114 702 1233 787 reliqui
1251 724 1311 787 pro

162 828 227 890 qua
248 807 428 872 Lambinus
451 808 757 873 molobathrarii
780 808 930 873 coniecit:
954 806 977 871 Z
1001 808 1311 892 myrobrecharii

162 912 304 978 exhibet:
319 913 405 997 quod
416 915 563 998 quamvis
579 914 726 999 intellegi
738 914 851 998 possit,
864 917 974 979 tamen
983 935 1050 978 non
1058 919 1146 980 recte
1157 936 1195 979 ex
1204 914 1311 980 titulis

165 1019 376 1085 defenderunt
398 1021 619 1105 lexicographi
648 1024 681 1085 et
708 1021 857 1085 editores.
903 1018 988 1085 Nam
1012 1020 1097 1105 quod
1120 1021 1210 1105 apud
1237 1019 1312 1085 Rei·

166 1127 291 1189 nesium
315 1124 383 1212 (11,
402 1126 473 1214 82),
507 1127 662 1211 Sponium
690 1123 786 1212 (225)
815 1126 895 1191 alios
924 1125 1054 1210 quidam
1081 1128 1312 1211 myrobrecha·

165 1233 232 1297 rius
261 1238 544 1317 commemoratur,
577 1233 742 1298 sciendum
776 1236 826 1296 est
856 1231 979 1317 Ligorii
1009 1232 1164 1297 beneficio
1193 1233 1313 1299 deberi

164 1337 314 1404 Eundem
347 1341 513 1428 Ligorium
542 1341 654 1405 eodem
682 1339 945 1424 myrobrechario
973 1339 1055 1404 alios
1078 1361 1206 1425 quoque
1235 1318 1314 1405 situl

161 1446 211 1511 los
235 1469 409 1512 exornasse
434 1448 595 1534 Eugenius
619 1446 784 1512 Bormanu
807 1446 847 1511 ad
876 1468 927 1511 me
958 1446 1089 1531 scripsit
1109 1452 1145 1515 at
1167 1447 1309 1513 conferri

163 1555 259 1620 iussit
277 1555 325 1619 VI
344 1556 374 1640 5,
396 1555 496 1641 151*;
522 1554 770 1640 V1‚5,1461*;
802 1553 857 1633 VI,
877 1554 908 1638 5,
928 1554 1050 1639 1478*;
1078 1552 1135 1637 VI,
1153 1553 1184 1639 b,
1202 1553 1310 1621 1189*

162 1683 201 1726 ex
223 1684 262 1726 ea
284 1662 429 1746 corporis
453 1665 545 1746 parte
564 1684 647 1749 quae
670 1662 814 1726 nondum
832 1660 919 1726 edita
937 1665 995 1725 est
1040 1655 1155 1726 Eidem
1173 1659 1308 1746 Ligorio

161 1769 297 1835 nasetur
319 1768 594 1834 tiburnensem
616 1771 665 1853 11,
685 1771 726 1835 aa
751 1754 1192 1855 (4111151191),
1215 1790 1311 1856 quen

163 1875 287 1941 Romae
311 1876 393 1940 vidit
415 1876 564 1940 Maffeius
589 1872 686 1962 (Mus.
710 1875 785 1940 Ver.
808 1877 883 1959 273,
906 1872 955 1961 4):
983 1897 1047 1959 quo
1075 1875 1110 1938 in
1137 1875 1234 1940 titulo
1258 1898 1311 1940 ex·

164 1985 230 2046 stat
262 1982 529 2047 manuelarius
560 1983 744 2066 patagiar
773 1980 827 2068 (cf.
851 2004 880 2049 v.
904 1982 968 2046 509
992 1986 1026 2046 et
1047 1977 1129 2067 511)
1156 1985 1190 2045 et
1213 1982 1312 2047 simul

161 2089 350 2154 violarius
375 2087 428 2176 (cf.
451 2113 481 2155 r.
505 2086 595 2175 510).
642 2087 730 2164 Quos
753 2088 866 2154 titulos
884 2088 985 2152 falsos
1009 2109 1080 2153 esse
1099 2109 1172 2152 cum
1197 2089 1311 2153 statim

162 2196 344 2278 suspicatus
373 2217 489 2278 essem,
518 2195 735 2280 suspicionem
762 2194 966 2259 Bormaunus
995 2215 1052 2278 per
1079 2194 1208 2259 litteras
1234 2216 1312 2260 con·
1342 2260 1345 2265 .

148 2303 311 2386 firmavit.
363 2300 411 2366 De
439 2302 534 2367 titulo
564 2301 746 2385 sepulcrali,
774 2323 869 2385 quem
897 2299 937 2365 ad
965 2322 994 2366 v.
1017 2299 1060 2364 41
1090 2301 1200 2385 attuli,
1231 2301 1310 2386 quid

161 2409 297 2475 iudicem
321 2410 443 2494 nescio,
468 2433 540 2475 cum
563 2409 709 2474 subsidia
732 2431 783 2472 me
807 2408 967 2472 deficiant.

254 2517 418 2582 Actuum
442 2516 650 2600 discriptio
665 2552 707 2562 —
722 2515 841 2580 retinui
856 2515 943 2580 enim
957 2514 1126 2598 vulgatam
1141 2551 1184 2562 —
1200 2537 1310 2601 quem·

162 2623 334 2689 admodum
367 2624 579 2708 probabiliter
610 2623 799 2687 instituatur
832 2622 962 2707 saepius
994 2622 1176 2706 quaesitum
1216 2621 1311 2708 est¹):

162 2753 259 2815 quam
283 2733 503 2816 quaestionem
533 2753 627 2796 nemo
650 2730 799 2814 expediet
826 2729 889 2794 nisi
920 2729 980 2792 illa
1006 2729 1129 2794 adscita
1156 2734 1312 2814 quaeest

163 2837 201 2899 de
226 2839 314 2902 exitu
336 2840 465 2904 fabulae
490 2838 667 2923 deperdito
712 2835 798 2901 Nam
827 2836 912 2921 quod
936 2836 1121 2920 Wagnerus
1149 2841 1184 2899 et
1212 2834 1311 2921 Spen-

163 2942 265 3025 gelius
298 2950 425 3026 practer
457 2946 563 3030 quarti
578 2949 687 3035 ¹actus
720 2944 845 3008 exitum
876 2943 1024 3028 quintum
1057 2947 1167 3007 actum
1201 2947 1309 3008 totum

161 3048 362 3114 intercidisse
386 3055 545 3136 statuunt,
573 3051 677 3115 refelli
706 3072 801 3134 posse
830 3048 987 3116 videntur.
1038 3049 1198 3114 Extrema
1220 3050 1310 3113 enim

162 3176 244 3237 quae
269 3160 395 3221 servata
419 3164 468 3223 est
491 3180 608 3223 scaena
635 3179 709 3221 cum
738 3156 822 3221 hanc
845 3155 965 3221 habeat
989 3156 1310 3241 superscriptionem:

164 3259 402 3328 STROBILVS
417 3263 586 3329 SERVVS
601 3260 833 3328 LIOONIDES
848 3260 1132 3328 ADOLESOENS
1147 3261 1311 3327 Evcuro

165 3366 321 3451 sedux,
356 3371 470 3436 Euclio
503 3371 778 3437 confabulationis
813 3370 850 3434 fit
881 3371 1055 3454 particeps:
1093 3369 1144 3433 cui
1179 3371 1227 3433 rei
1255 3391 1311 3445 cur

165 3476 261 3541 fidem
290 3477 483 3562 denegemus
512 3477 696 3562 Wagnerus
726 3477 849 3540 nullu-m
877 3477 1035 3541 rationem
1064 3476 1187 3540 attulit.
1237 3474 1309 3540 Hoc

161 3606 238 3649 vcro
267 3585 296 3648 si
321 3586 507 3669 statuimus,
540 3585 702 3669 integrum
732 3587 839 3647 actum
867 3584 918 3646 vel
943 3583 1021 3648 adeo
1049 3582 1145 3666 plura
1174 3582 1308 3665 periisse

162 3692 228 3754 veri
253 3697 303 3755 est
325 3692 586 3756 dissimillimum:
612 3691 711 3754 immo
736 3692 763 3754 si
787 3696 914 3775 praeter
937 3711 1069 3755 scaenae
1094 3688 1217 3753 exitum
1243 3688 1306 3753 alia

162 3799 307 3878 tempore
328 3799 499 3882 absumpta
523 3802 600 3863 sunt
623 3835 664 3844 —
690 3798 721 3861 id
745 3798 830 3882 quod
859 3798 940 3861 mihi
963 3797 1093 3882 quidem
1116 3799 1169 3859 est
1191 3795 1303 3880 proba·

164 3902 227 3965 bile
255 3939 292 3947 -
317 3909 444 3986 praeter
472 3929 568 3971 unam
592 3906 642 3970 vel
672 3905 751 3969 duas
781 3927 915 3969 scaenas
942 3927 1008 3969 non
1030 3903 1078 3968 ita
1100 3902 1219 3988 longas
1242 3923 1306 3967 non

165 4006 257 4071 video
282 4010 358 4092 quid
387 4012 575 4077 intercidere
598 4013 749 4097 potuerit.
796 4010 889 4076 Unde
920 4012 1024 4075 elucet
1055 4010 1193 4074 extremi
1217 4014 1303 4073 actus

162 4119 289 4199 partem
318 4138 386 4179 esse
415 4119 630 4200 superstitem.
682 4117 770 4192 Quae
799 4140 872 4182 cum
900 4117 947 4181 ita
970 4116 1050 4200 sint,
1078 4115 1220 4199 Koepkii
1243 4114 1302 4179 dis·

234 4294 259 4359 1)
280 4291 422 4357 Wolffius,
447 4292 480 4346 de
500 4296 554 4347 act.
574 4310 617 4363 up.
643 4292 683 4347 Pl.
704 4296 733 4346 et
751 4293 812 4347 Ter.
834 4290 965 4346 Gubenae
986 4296 1064 4345 1814.
1102 4290 1182 4345 Idem
1196 4289 1297 4357 Proleg.

162 4372 196 4426 ud
218 4373 278 4426 Aul.
299 4371 465 4440 (Numburgi
487 4376 669 4441 1831111111.
708 4373 862 4439 Wugnerus
881 4372 916 4425 de
935 4372 996 4424 Aul.
1017 4389 1043 4440 p.
1063 4378 1088 4425 6.
1127 4370 1160 4424 A.
1176 4366 1295 4440 Spengel,

162 4453 213 4507 bic
233 4451 445 4521 Aktcinteilung
464 4452 513 4506 der
533 4453 610 4508 Korn.
631 4454 680 4508 des
699 4453 816 4508 Plautus
835 4453 1001 4524 (Muenchen
1022 4453 1104 4522 1877)
1121 4469 1149 4522 p.
1168 4456 1211 4505 49.
