2948 5594
160 312 180 375 8
653 305 786 361 snsvn
1073 309 1193 369 ss-ss;
1211 303 1225 356 1
1245 309 1269 371 1,
1289 308 1304 355 1

118 444 119 447 Ἴ
160 495 177 533 s
222 496 239 533 s
285 496 301 531 s
347 495 364 532 s
411 496 426 530 s
472 492 490 531 s
535 469 684 555 Cupidon
707 471 740 532 te‘
763 469 903 533 confecit
927 471 1010 534 inne
1033 466 1159 532 Amor?

649 575 667 614 *
794 572 812 608 2

723 619 740 657 3

161 710 179 747 s
226 710 242 747 s
288 708 306 745 s
352 707 368 745 s
415 685 553 749 fortasse
577 682 630 746 ted
654 702 762 746 amare
787 679 981 763 suspicarier

650 785 815 873 ***

165 924 182 960 s
229 922 245 960 s
292 921 308 958 s
355 900 525 981 argentum
549 895 624 959 hinc
647 893 744 958 facito
790 916 808 955 s
853 918 870 955 s
915 916 932 953 s

648 997 666 1036 *
793 999 812 1039 *
840 1004 842 1008 “

719 1045 737 1083 tt

163 1113 248 1178 Nam
272 1117 307 1177 tu
332 1109 479 1194 equidem
503 1108 597 1173 credo
622 1110 793 1172 excantare
817 1105 945 1190 quoiuis
968 1108 1064 1173 facile
1087 1109 1144 1172 eor
1167 1111 1266 1192 potes.

691 1247 780 1301 Sosus

193 1361 1283 1402 *ssssssssss

679 1461 796 1514 Bacenis

165 1551 250 1630 Quid
275 1553 301 1616 si
325 1552 387 1615 hoc
411 1552 497 1634 potis
521 1555 571 1615 est
593 1555 630 1615 dt
653 1556 688 1615 tu
711 1554 833 1635 taceas,
856 1551 917 1636 ego
940 1552 1078 1636 loquar?

167 1696 377 1707 .-.--

235 1750 278 1799 35.
298 1744 406 1798 Charis.
423 1759 452 1810 p.
467 1746 534 1809 204,
549 1748 598 1796 18.-
616 1739 744 1810 Lepide
759 1742 901 1796 Plautus
916 1742 950 1796 in
966 1742 1197 1800 Bacchidibus
1216 1744 1303 1814 ‘quid

165 1865 171 1879 .
193 1870 198 1881 .
219 1869 224 1879 .
244 1824 346 1879 licet’
367 1839 418 1892 pro
437 1825 519 1877 reete.

236 2010 278 2057 31.
304 2002 416 2056 Nouius
433 2018 460 2068 p.
480 2004 550 2054 421:
574 1997 698 2067 cupido
721 2002 751 2053 et
772 2015 865 2053 arnor
889 1997 963 2054 idem
986 1999 1147 2070 significare
1171 2001 1303 2058 uidentur.

167 2084 203 2137 Bt
221 2083 264 2136 est
287 2081 448 2136 diuersitas:
478 2078 580 2149 cupido
605 2078 680 2132 enim
702 2077 926 2134 inconsideratae
950 2083 994 2134 est
1016 2081 1208 2151 necessitatis,
1234 2099 1305 2138 amor

165 2162 271 2217 iudicii.
309 2160 451 2215 Plautus
475 2157 720 2214 Bacchidibus:
745 2157 909 2228 ‘cupidon
934 2202 940 2215 .
961 2201 968 2214 .
989 2201 995 2213 .
1018 2161 1127 2216 amor'
1202 2163 1306 2219 &rues

167 2243 296 2297 Danielis
324 2243 361 2297 ari
389 2241 458 2295 Aca.
486 2239 534 2293 IV
560 2244 613 2294 194
640 2256 674 2293 ca
696 2240 785 2294 codem
808 2256 868 2295 cum
891 2240 987 2295 Nouio
1013 2241 1104 2309 faute,
1131 2247 1164 2298 ut
1189 2244 1306 2300 adda:

167 2323 310 2377 Plautus
335 2338 398 2375 curn
423 2318 605 2374 distinctione
624 2318 730 2388 posuit:
756 2319 921 2388 ‘cupidon
940 2363 946 2374 .
967 2360 973 2374 .
993 2359 999 2373 .
1019 2321 1127 2376 amor'
1201 2324 1231 2377 te
1248 2340 1306 2379 con·

166 2402 237 2458 fecit
258 2401 430 2456 Bitschctius.
455 2403 483 2453 ts
508 2416 571 2453 cum
595 2398 668 2453 sicut
685 2398 759 2454 Sero.
779 2400 855 2456 Dua.
874 2403 968 2454 tecum
987 2400 1078 2456 saeuis
1096 2401 1224 2457 Nouius.-
1240 2404 1307 2459 aude

167 2485 259 2537 tecum
289 2479 382 2534 saeuit
408 2481 522 2547 effecere.
547 2481 574 2534 te
598 2479 710 2534 conficit
732 2479 837 2533 Daniel
855 2497 900 2549 ap.
920 2478 993 2535 Sero.
1012 2481 1042 2534 ts
1061 2481 1178 2552 configit
1195 2483 1307 2538 anatur

239 2566 280 2616 32.
300 2561 430 2615 Donatus
458 2561 489 2612 ia
513 2559 613 2629 Hccyr.
638 2559 701 2611 III
717 2565 743 2626 1,
757 2563 807 2613 33.-
836 2559 1050 2615 Fortasse..
1072 2561 1307 2617 ‚sisennius

168 2644 330 2697 ‘fortasse
353 2643 386 2694 te
414 2654 526 2693 amare
556 2638 809 2707 suspicabere’,
841 2640 890 2694 ati
914 2640 965 2711 ,ced
994 2646 1019 2694 ct
1050 2638 1220 2710 suspicarier
1250 2642 1307 2696 aa·

167 2723 295 2789 schelius,
313 2721 361 2790 quei
378 2720 561 2788 sraaurcsstum
579 2720 633 2774 huc
650 2719 755 2773 rettulit
768 2720 873 2774 incesta
890 2722 1139 2789 urqauseutatiauc:
1157 2723 1192 2788 cs.
1214 2724 1307 2792 Operae.

165 2805 217 2858 ool.
242 2802 283 2855 ΙΙ
307 2819 335 2869 p.
359 2804 414 2854 340
521 2800 578 2853 tete
603 2814 657 2867 pro
684 2798 731 2852 ted
750 2798 892 2853 Bentlcius
919 2801 950 2853 iu
979 2799 1101 2855 Teresuii
1126 2801 1216 2857 lorsam

169 2891 210 2937 33.
235 2868 364 2937 Donatus
387 2881 419 2933 iu
443 2878 551 2934 Ptorm.
576 2878 625 2930 IV
646 2883 673 2945 3,
687 2883 737 2931 30.-
760 2877 829 2930 haeo
849 2878 916 2932 hinc
938 2879 1059 2934 facessat
1158 2880 1309 2937 Plautus:

169 2961 365 3029 ‘argentum
384 2957 463 3012 hinc
481 2957 606 3011 facite'
681 2956 766 3011 facito
787 2957 968 3013 Bitschciias:
992 2961 1041 3028 qui
1058 2961 1244 3031 fraumentaus
1261 2964 1310 3017 tac

167 3041 286 3094 rettulit:
305 3054 348 3093 res
365 3039 452 3092 dubia
519 3043 562 3089 34.
583 3035 740 3105 Composuit
758 3036 924 3092 Ritsatctius
942 3056 956 3093 e
974 3039 1064 3094 Nouii
1080 3045 1181 3109 11102
1199 3047 1225 3097 ct
1240 3042 1310 3097 Sero.

169 3122 202 3174 iu
228 3119 325 3173 Bucol.
350 3117 445 3185 VIII,
464 3122 497 3171 71
522 3119 564 3172 his
589 3118 762 3171 testimoniis:
785 3121 968 3174 excantare
995 3119 1137 3189 significat
1160 3121 1311 3178 excludere.

169 3199 310 3252 Plautus
343 3198 587 3252 Bacchidibus:
634 3197 728 3250 ‘nam
761 3197 862 3252 credo
895 3198 1005 3254 cuiuis
1042 3202 1226 3258 excantare
1258 3219 1312 3258 cor

169 3279 300 3349 potest’
326 3283 351 3332 ct
371 3319 376 3331 .
397 3319 429 3332 ..
455 3279 545 3331 ‘nam
568 3280 603 3330 tu
627 3276 762 3344 quidem
785 3277 897 3333 cuiuis
921 3280 1103 3333 excantare
1130 3296 1189 3334 cor
1211 3280 1311 3335 facile

169 3359 282 3428 potes'
353 3375 418 3412 nam
438 3360 468 3411 tu
487 3357 617 3426 equidem
632 3357 774 3410 Abraham
794 3358 1026 3426 ‘Wochcuactsift
1041 3360 1091 3426 seir
1104 3360 1185 3414 klass.
1201 3361 1310 3417 Philot'

170 3457 196 3494 a.
217 3444 336 3506 15851).
355 3441 418 3492 271.
442 3454 507 3491 nam
532 3441 564 3492 tu
587 3436 699 3504 quidem
719 3435 896 3493 Bitsctctiue:
920 3440 957 3505 cs.
976 3439 1113 3494 heatus
1132 3455 1224 3496 comm
1239 3458 1311 3512 pras.

170 3520 232 3589 Ip.
250 3523 302 3576 20:
324 3520 432 3588 reliqua
453 3519 552 3587 scripsi
575 3534 636 3572 cum
654 3518 815 3573 Ritsctcis'o:
838 3520 873 3586 cs.
894 3518 992 3588 Opuec.
1011 3520 1063 3575 ool.
1082 3519 1122 3573 II
1136 3537 1166 3589 p.
1186 3525 1246 3577 329

171 3600 220 3654 Ex
244 3600 327 3654 initio
347 3599 441 3667 potius
463 3615 545 3666 quam
567 3614 619 3667 quo
642 3598 838 3652 Lactucauuus
860 3599 892 3653 iu
910 3599 993 3654 Lacr.
1014 3616 1044 3670 p.
1064 3603 1119 3654 150
1141 3602 1261 3670 rettulit,
1282 3618 1315 3657 ea

171 3697 195 3734 o.
216 3684 284 3746 736,
298 3679 416 3747 petitum
434 3694 591 3745 noenum,
613 3677 685 3746 quod
703 3694 717 3731 e
735 3678 921 3734 Bacchidibus
940 3683 1094 3748 acceptam
1112 3680 1220 3737 astitui
1237 3683 1313 3752 alosa.

172 3759 280 3812 Plaut:
299 3760 333 3824 cf.
348 3758 476 3812 Bitschel.
498 3760 598 3827 opusc.
617 3759 669 3813 col.
685 3759 727 3811 II
742 3776 769 3826 p.
784 3762 843 3813 242
896 3758 1072 3813 Intercidissc
1089 3761 1217 3829 auspicor
1233 3762 1315 3817 edati

169 3839 247 3891 hacc:
273 3846 294 3890 1.
310 3836 523 3892 Pistoclerus
539 3855 650 3893 secum
664 3837 819 3905 loquitur
834 3839 870 3907 (v.
887 3839 975 3907 1-74).
1003 3843 1027 3891 2.
1043 3837 1189 3893 Bacchis
1204 3840 1316 3909 loqui·

170 3918 225 3969 tur
253 3932 325 3967 oum
353 3917 548 3972 Pistoclero
575 3919 611 3985 (v.
637 3921 727 3984 5—9).
764 3924 789 3972 3.
818 3917 1030 3973 Pistoclerus
1058 3915 1217 3986 loquitur
1244 3936 1315 3975 eum

171 4011 274 4064 puero
302 3995 355 4048 vel
384 3996 538 4063 parasito
565 3995 750 4052 Bacchidis
774 4014 789 4051 e
817 4000 918 4067 portu
940 3996 1101 4053 veniente
1129 4000 1316 4069 (ml-26).

171 4081 195 4127 4.
221 4071 304 4128 Puer
335 4075 397 4138 (vel
426 4075 611 4143 parasitus)
642 4077 796 4145 loquitur
824 4095 895 4132 curn
922 4077 1095 4133 Bacchide
1127 4080 1162 4148 (v.
1194 4082 1317 4147 10-12).

171 4163 194 4209 5.
212 4156 314 4209 Soror
327 4155 469 4208 advenit
483 4173 554 4209 cum
570 4173 681 4226 puero.
711 4164 735 4212 6.
752 4157 891 4213 Sorores
906 4158 1261 4228 colloquunturintsr
1274 4177 1315 4216 se.

242 4253 303 4307 Aet.
324 4256 455 4307 lacaena
475 4258 490 4306 1
571 4254 755 4310 Emessdotam
773 4262 798 4310 et
812 4259 938 4327 personis
951 4258 1052 4312 rectius
1070 4244 1251 4326 qaam'antea
1263 4258 1317 4313 dis·

171 4335 304 4387 tributa-m
314 4334 461 4403 proposuit
474 4333 638 4389 Bitschciius
653 4336 746 4390 Musei
760 4337 845 4392 litun.
861 4338 912 4392 ool.
928 4339 947 4392 1
952 4336 1026 4403 V(a.
1042 4340 1128 4405 1816)
1146 4356 1175 4408 p.
1190 4344 1245 4394 361
1254 4357 1319 4410 aaa,

170 4415 259 4468 denuo
273 4420 336 4483 post
355 4415 499 4470 editionem
515 4418 676 4472 recensitam
697 4418 794 4487 Opusc.
813 4418 864 4472 ool.
883 4417 922 4471 H
932 4435 962 4486 p.
983 4421 1037 4472 301
1051 4434 1106 4487 sqq.
1168 4416 1319 4476 Plautinos
