2948 5594
668 323 801 380 PLAVTI

663 488 819 542 Carassura

632 569 709 635 Non
728 569 843 654 edepol
865 569 941 636 scio.

173 657 296 723 Verum
320 659 405 725 haud
428 659 552 744 opinor.

663 743 816 801 Nrcourcrs

555 827 674 894 Fertne
696 830 822 913 purtem
844 827 999 894 tertiam?

661 949 816 1005 Cursum
860 1016 862 1019 ι

169 1032 243 1099 Νοι]
266 1034 373 1099 hercle
397 1035 524 1118 opinor:
551 1037 662 1098 uerum
686 1055 799 1097 uerum
821 1033 939 1098 nescio.

170 1141 318 1206 Profecto
342 1141 381 1205 dc
405 1163 482 1206 auro
505 1137 555 1205 nil
579 1140 647 1205 scio
669 1139 734 1204 nisi
756 1140 874 1204 nescio.

168 1245 263 1312 Nunc
285 1247 421 1313 tibimet
443 1248 520 1313 illuc
543 1247 619 1312 naui
642 1245 869 1330 capiundumst
891 1247 966 1331 iter,

168 1353 215 1419 Vt
237 1354 317 1418 illud
339 1358 484 1439 reportes
508 1359 621 1419 aurum
645 1353 686 1416 ab
709 1352 882 1417 Theotimo
906 1352 1046 1420 domum.

169 1462 277 1546 Atque
301 1462 379 1526 heda
402 1466 447 1526 tu.

660 1547 814 1601 Nrcouvurs

448 1620 532 1697 Quid
556 1620 629 1685 uie?

656 1705 815 1762 (laurumve

634 1781 777 1863 Anulum
800 1797 895 1883 gnati
916 1799 966 1862 tui

164 1905 276 1972 Facito
300 1909 337 1971 dt
360 1906 546 1970 memineris
569 1905 663 1969 ferre.

657 2007 812 2063 Niconvnvr

668 2098 751 2175 Quid
775 2105 872 2184 opust
895 2101 1016 2166 riuulo?

658 2220 814 2276 Ouarsnuva

164 2315 247 2392 Quia
270 2315 302 2380 id
327 2314 488 2400 signumst
511 2337 583 2379 oum
607 2312 791 2397 Theotimo,
815 2314 870 2398 qui
894 2336 968 2380 eum
990 2314 1042 2380 ssli
1066 2315 1200 2399 adferet,

165 2422 206 2487 Ei
230 2429 344 2488 aurum
367 2427 404 2487 ut
426 2421 549 2486 reddat.

658 2506 811 2562 Nrcouvnvs

546 2597 736 2682 Meminero‚
760 2602 793 2663 et
816 2602 903 2664 recte
925 2622 1046 2666 mones.
1256 2615 1300 2665 330

164 2706 225 2773 Sed
250 2704 323 2770 istic
347 2705 539 2770 Theotimus
562 2703 749 2769 diuesnest?

656 2826 811 2880 Cnursnnvs

730 2916 840 2982 Etiam
863 2920 984 3003 rogas?

155 3023 247 3102 Quin
269 3025 390 3090 heibeat
414 3047 491 3090 auro
515 3025 616 3089 soccis
642 3025 834 3109 subpactum
858 3026 987 3091 solum?

233 3174 294 3221 32⁶2.
324 3163 432 3235 opinior
459 3165 488 3217 D
578 3163 644 3218 Fert
670 3181 704 3217 ne
732 3167 842 3232 partem
869 3165 905 3221 B.
933 3167 999 3221 Fert
1026 3171 1170 3237 nepertem
1201 3169 1230 3222 D

163 3253 223 3300 323.
258 3247 288 3302 V.
313 3246 380 3300 delet
403 3262 464 3299 cum
490 3245 595 3315 Gupeto
619 3245 832 3299 Brochrnurmur
851 3263 880 3316 p.
905 3251 961 3300 132
1051 3247 1114 3302 Non
1138 3264 1190 3303 om.
1216 3248 1244 3304 0.

163 3325 236 3380 ercle
255 3325 345 3380 1301)
435 3341 530 3379 uerum
549 3325 658 3394 uerum]
682 3341 780 3377 uerum
800 3326 826 3377 Ζ
914 3332 973 3381 324.
994 3326 1097 3381 deauro
1116 3327 1148 3383 D
1236 3327 1301 3382 nihil

163 3408 228 3461 riori
323 3412 383 3460 325.
404 3406 485 3459 Nunc
503 3404 565 3459 Bo.
585 3405 645 3458 Nec
664 3405 700 3459 I).
721 3405 763 3459 Ne
782 3405 817 3460 F.
837 3406 881 3478 Ne
901 3407 927 3458 Z
1014 3405 1140 3480 tibimet]
1159 3427 1189 3462 m
1207 3426 1222 3463 e
1239 3423 1299 3462 corr.

161 3494 221 3549 poet
246 3504 300 3541 rus.
328 3491 342 3538 1
372 3486 477 3540 litterae
498 3485 526 3538 B
634 3483 805 3553 capiundum
830 3486 856 3538 st
881 3485 916 3539 B.
947 3485 1116 3554 capiundum
1142 3491 1186 3543 est
1214 3486 1299 3541 ΟΜ.

162 3567 328 3635 capiendum
348 3567 391 3618 est
405 3565 435 3618 F
504 3570 565 3619 326.
585 3564 742 3619 theothimo
761 3565 798 3618 D.
818 3563 1006 3626 theothimum
1026 3565 1050 3619 0
1121 3568 1206 3622 demri
1225 3568 1255 3633 (ri
1271 3583 1301 3621 esc

163 3648 238 3700 ooel
257 3651 285 3712 a)
308 3647 330 3698 0
401 3651 461 3699 328.
481 3642 562 3711 Quod
581 3646 609 3697 I)
682 3660 737 3713 opu
757 3646 783 3698 st
801 3645 871 3698 BD.
891 3662 961 3715 opus
982 3644 1010 3699 0.
1030 3663 1099 3716 opus
1120 3651 1164 3702 cst
1184 3647 1245 3702 ΕΖ

162 3731 222 3779 329.
242 3724 271 3778 id
288 3732 322 3791 (a.
336 3730 374 3790 v.)
395 3725 505 3795 signum
520 3726 621 3779 etcum
637 3724 794 3778 theothimo
809 3726 843 3778 B.
864 3726 893 3778 id
908 3725 1019 3794 signum
1032 3729 1077 3781 est
1090 3743 1156 3781 curn
1170 3727 1300 3783 theotimo

164 3803 296 3869 GDFZ,
315 3806 372 3858 nisi
390 3806 462 3873 quod
480 3804 619 3858 teuthimo
639 3808 682 3869 (ut
701 3805 856 3873 aliquoties)
876 3806 912 3860 F.
932 3803 1042 3874 signum
1062 3804 1092 3859 id
1111 3823 1175 3861 cunr
1193 3805 1299 3862 Theoti-

163 3886 237 3936 most
256 3882 422 3937 Ritecheliar
486 3884 585 3938 afferet
604 3885 786 3938 Camerarius.
806 3885 929 3951 adferret
947 3886 975 3939 B
994 3890 1036 3951 (re
1054 3889 1194 3953 aparuit
1211 3905 1246 3942 rs.
1263 3889 1299 3954 2).

163 3963 255 4016 adfert
274 3962 337 4016 OD.
362 3962 444 4016 affert
462 3964 527 4018 M.
553 3964 663 4018 adferat
690 3964 833 4034 Uarinpius
922 3970 982 4019 330.
1007 3965 1055 4021 NI.
1073 3965 1117 4019 D¹
1209 3969 1238 4022 et
1255 3984 1300 4022 orn.

162 4044 280 4097 Bothiue
340 4050 399 4098 331.
419 4045 482 4097 istie
497 4044 660 4100 Theotimus
675 4045 789 4100 diuesne
805 4048 847 4099 est
861 4045 993 4111 Bothiue,
1012 4045 1182 4102 Ritechch'ue
1198 4047 1297 4114 Proice.

164 4126 241 4179 Tria.
258 4141 287 4193 p.
309 4122 453 4177 CCXIII.
483 4125 596 4178 diuesne
619 4125 709 4190 (diues
734 4143 767 4180 ne
791 4126 831 4179 B:
855 4142 889 4179 ne
912 4142 933 4179 s.
952 4142 976 4178 o.
995 4126 1037 4192 D)
1061 4128 1106 4181 est
1134 4127 1200 4181 istic
1228 4127 1300 4180 theo

161 4205 245 4259 timus
270 4203 436 4271 (teotbimus
456 4204 492 4258 Ε.
516 4204 689 4259 theothimus
709 4206 748 4274 B)
773 4207 844 4260 libri.
865 4205 980 4259 diuesue
998 4206 1052 4260 iste
1076 4209 1122 4261 est
1139 4207 1299 4262 Theotimus

161 4285 346 4338 IIerrrrarmae.
371 4282 486 4338 diueene
506 4310 540 4329 =
559 4284 638 4338 diane
661 4286 714 4351 des.
739 4285 900 4355 Spenpelius
926 4284 954 4337 Τ.
976 4285 1067 4340 Maec.
1089 4285 1137 4340 ΡΙ.
1154 4303 1184 4356 p.
1203 4292 1253 4342 96.Ι
1273 4288 1300 4339 ut

161 4366 196 4429 cf.
216 4365 366 4434 Larymna
381 4379 412 4432 p.
429 4366 486 4418 279
558 4369 618 4418 332.
639 4364 711 4430 Quin
731 4365 834 4419 hebeat
853 4380 920 4418 auro
940 4364 1028 4419 soccia
1047 4366 1187 4436 Berytiue
1207 4366 1299 4436 Opruo.

163 4443 184 4495 I
187 4459 217 4513 p.
229 4445 271 4497 33.
288 4442 341 4509 Qui
352 4458 420 4497 auro
430 4441 534 4496 habeat
547 4444 635 4498 soccis
649 4444 723 4500 libri.
740 4442 813 4510 Quin
827 4460 896 4500 euro
910 4443 1000 4499 soccis
1014 4444 1298 4503 hebeatBr'teoIoeIr'rr.
