2948 5594
160 314 200 376 72
662 314 795 369 PLAVTI
1091 315 1177 385 1v4,
1197 318 1305 368 aa-ae

158 477 232 543 N6n
255 478 360 543 herele
384 478 531 564 equidem
554 475 727 563 quicquam
749 478 873 563 sumpsi
895 480 955 543 nee
977 477 1086 563 tetigi.

682 599 782 654 Evcuo

858 674 1000 739 Ostende
1019 674 1082 739 huc
1102 695 1230 740 manus.
1252 691 1304 739 646

658 760 806 816 Suuomava

160 813 222 897 itm
245 834 319 918 tibi,
347 833 484 899 ostendi:
510 837 608 899 decas.

236 934 239 939 '
676 922 779 976 Evcmo

642 1012 755 1077 Video.
791 1014 857 1098 ‘age
885 1012 1018 1076 (intende
1042 1011 1141 1078 etiam
1163 1012 1302 1078 tertiam.

661 1133 807 1189 Summave
1212 1126 1219 1137 ⁸

160 1222 284 1291 Ldruae
307 1225 392 1292 hune
416 1230 511 1311 atque
535 1225 746 1311 intemperiae
770 1226 978 1312 inadniaeque
1002 1226 1130 1312 agitant
1153 1249 1270 1293 senem.

159 1330 259 1397 Faein
281 1333 432 1398 iniurium
456 1334 535 1398 mihi
558 1357 600 1399 an
624 1333 733 1409 non?¹

678 1456 781 1511 Evcmo

758 1544 841 1622 Quia
864 1569 930 1612 non
953 1547 1087 1632 pendes,
1111 1549 1300 1613 maxumam.

163 1636 268 1739 dique
291 1655 323 1719 id
348 1675 475 1740 quoque
498 1654 563 1718 iam
586 1652 658 1738 fiet,
682 1653 746 1717 nisi
768 1652 880 1717 fatere.

661 1776 810 1831 Suuoumva

905 1849 989 1926 Quid
1012 1850 1118 1917 fatear
1142 1852 1225 1918 tibi?

684 1935 784 1990 Evcmo

164 2008 247 2085 Quid
270 2011 435 2077 abstulisti
458 2011 556 2076 hine?

663 2095 809 2150 Suuomuva

583 2186 628 2252 Di
654 2208 705 2252 me
733 2188 882 2271 perdant,
913 2190 942 2254 si
973 2193 1033 2277 ego
1065 2192 1113 2257 tui
1137 2193 1301 2278 quiequam
1353 2182 1355 2187 ’

1080 2299 1204 2365 abstuli
1255 2315 1301 2364 eia

163 2381 247 2449 Niue
272 2384 352 2450 adeo
376 2384 549 2450 abstulisse
573 2384 689 2450 uellem
716 2406 775 2449 me.

687 2505 788 2561 Evcmo

763 2580 925 2684 Agedum,
950 2602 1142 2667 excutedum
1165 2604 1303 2686 pallium.

234 2798 293 2847 640.
313 2793 425 2845 Noniae
438 2810 469 2861 p.
489 2795 553 2856 396,
573 2796 602 2845 1:
621 2787 758 2843 Sumere
779 2794 823 2845 eet
840 2793 980 2863 accipere,
1001 2793 1100 2850 tollere
1130 2840 1136 2852 .
1157 2839 1164 2850 .
1185 2840 1190 2851 .
1212 2808 1244 2851 .·.
1273 2796 1306 2850 Et

162 2872 280 2927 Plautus
299 2871 457 2926 Aulularia:
482 2872 571 2926 ‘Non
591 2911 704 2924 .....
722 2871 843 2941 tetigi'
938 2873 979 2941 Cf.
1010 2873 1164 2946 tt'aynerua
1189 2878 1222 2932 de
1244 2877 1304 2931 Aa

159 2957 244 3022 1213

235 3154 295 3205 646.
315 3149 402 3204 Strob.
419 3165 491 3218 pers.
506 3165 611 3217 praem.
629 3147 657 3201 B
752 3148 825 3202 ercle
843 3150 912 3204 BD.
955 3168 1005 3205 om.
1026 3152 1138 3209 Noniae
1236 3154 1307 3224 equi·

166 3232 229 3285 dem
254 3246 306 3299 ego
330 3246 386 3297 qua
410 3228 556 3298 uoluptate
581 3229 665 3282 aumsi
689 3244 779 3297 neque
803 3229 926 3298 It'oezias,
956 3233 1028 3286 unde
1051 3248 1142 3303 aequa
1165 3236 1308 3305 uoluptate

163 3312 312 3381 Seyffertaa
331 3309 409 3364 siau.
431 3310 475 3363 Pl.
491 3327 520 3377 p.
542 3313 576 3363 19
594 3326 650 3363 noa
667 3310 721 3363 hac
738 3327 845 3364 versam
864 3314 995 3378 referens:
1013 3316 1048 3382 cs.
1068 3314 1224 3387 Waqaeras
1241 3318 1258 3371 l.
1281 3317 1309 3370 ia

164 3397 220 3446 teat.
244 3408 294 3444 scr.
319 3396 344 3444 et
366 3389 486 3444 Briuius
507 3390 577 3443 Neu.
602 3389 677 3442 Aua
701 3391 752 3444 vol.
777 3394 811 3443 91
834 3392 872 3455 (a.
894 3397 979 3460 1365)
999 3411 1026 3461 p.
1047 3400 1083 3449 55
1175 3403 1236 3452 641.
1259 3398 1308 3451 Em

164 3471 225 3527 tibi.
270 3472 320 3524 Eu.
348 3470 478 3525 Ostende.
523 3468 612 3523 Strob.
646 3469 732 3524 Eeeaa
765 3469 900 3525 Gruterus
994 3473 1115 3530 HemJ
1203 3477 1310 3533 ostendi

165 3551 322 3605 DEJFZ.
370 3549 487 3605 ostende
514 3547 537 3614 (i
560 3566 580 3602 a.
604 3564 619 3601 u
642 3555 728 3618 post)
754 3551 789 3604 B.
836 3552 951 3606 ostendo
977 3553 1095 3609 Bothiua
1195 3558 1310 3612 terciam

165 3632 252 3685 BDJ
342 3637 402 3685 642.
422 3630 512 3703 Lerne
530 3629 589 3684 BJ.
627 3628 716 3684 Laruu
739 3630 805 3684 DE
881 3631 937 3686 hue
956 3633 986 3685 E
1065 3634 1234 3711 intemperie
1251 3638 1311 3693 BJ.

165 3712 329 3780 intemperie
344 3711 409 3764 DE
474 3710 637 3783 insanieque
651 3712 710 3768 BJ.
745 3710 773 3765 in
788 3710 920 3781 sanieque
938 3713 1003 3766 DE
1069 3720 1129 3769 643.
1145 3715 1233 3772 Faein
1252 3719 1311 3773 Ha·

165 3792 238 3845 rias:
258 3793 293 3856 cs.
314 3792 465 3845 Muellerus
485 3791 563 3845 Prae.
585 3792 629 3845 Pl.
646 3810 675 3861 p.
692 3799 752 3846 111.
790 3790 907 3845 Facisne
925 3792 995 3849 BD.
1033 3794 1116 3848 Facie
1134 3812 1171 3850 ne
1190 3797 1310 3853 ΕΗΖ.

165 3869 253 3924 Facin
281 3868 320 3920 mi
347 3870 464 3924 Bothins
554 3870 640 3925 miehi
658 3872 690 3926 J:
718 3873 768 3926 del.
787 3872 910 3937 Reimea,
934 3872 1052 3928 Weisiae
1134 3890 1229 3932 annon
1251 3878 1313 3932 BD

239 3947 311 4011 Quia
331 3948 457 4018 Pylades.
495 3951 597 4005 Fateor
619 3951 685 4021 quia
704 3953 769 4006 libri
846 3970 901 4007 non
919 3953 1043 4022 pendens
1061 3954 1100 4009 D,
1136 3972 1196 4011 non
1214 3958 1313 4027 perde·

167 4026 202 4082 E.
247 4042 303 4079 non
321 4028 407 4096 perdo
428 4030 466 4081 Z:
492 4047 560 4085 corr.
580 4031 745 4088 Hemnolaae
834 4032 984 4088 maximam
1009 4034 1106 4087 BDE
1192 4043 1253 4094 646.
1272 4038 1314 4092 De

166 4107 317 4163 indicativo
343 4109 377 4175 cs.
396 4109 532 4165 Beat'eras
550 4110 735 4167 Studemandi
752 4113 829 4168 Stud.
855 4114 904 4167 eol.
925 4114 946 4165 I
967 4130 995 4181 p.
1012 4118 1067 4168 184
1158 4116 1313 4187 abstulisti]

166 4187 271 4243 abstuli
294 4188 324 4241 D
414 4187 501 4242 DiiJ
587 4193 664 4246 th
756 4201 816 4248 646.
840 4194 921 4247 Eael.
939 4210 1009 4262 pers.
1027 4211 1130 4263 praeut.
1148 4196 1316 4253 BDE‘JF

257 4269 293 4323 Ni
316 4286 351 4323 ue
369 4269 404 4322 E.
443 4270 593 4326 NiuemJ
679 4273 780 4327 uellem
807 4291 850 4328 me
875 4275 929 4339 (vel
953 4290 997 4327 me
1021 4273 1137 4339 uellem)
1163 4276 1316 4333 Muellem

170 4350 248 4404 Pras.
274 4351 317 4404 ΡΙ.
340 4368 367 4419 p.
388 4354 449 4404 640.
491 4351 593 4405 uellem
617 4353 683 4407 libri
779 4354 856 4409 Encl.
880 4353 1008 4424 Agedum
1032 4355 1068 4408 Z:
1108 4356 1232 4427 agedum
1252 4356 1313 4411 BJ.

167 4430 304 4499 agedum
324 4431 393 4485 DE.
431 4448 484 4499 ege
504 4430 535 4484 F
603 4436 786 4490 excutedum
805 4435 927 4490 BDEJ
