2948 5594
162 355 248 403 XXIV
629 343 839 400 PRAEFATIO

163 496 271 581 lenam
292 518 423 580 poscere
442 496 556 561 minas.
589 494 650 571 Qui
670 496 791 561 factum
811 499 915 560 estut
934 518 953 559 a
971 498 1064 579 patre
1082 516 1179 559 mane
1193 494 1312 579 viginti

161 603 265 667 minas
300 607 438 687 peteret,
471 626 544 668 cum
578 604 683 669 multo
716 608 792 687 post
823 602 952 667 demum
984 602 1104 667 certior
1134 602 1231 666 fieret
1261 606 1313 666 tot

162 710 266 774 minas
291 708 512 796 postulari?*)
553 708 623 775 Nec
646 710 725 775 illud
754 710 884 796 neglegi
911 730 1007 793 posse
1030 707 1196 791 duximus,
1224 706 1311 792 quod

161 836 190 879 v.
213 816 278 880 ‘245
303 839 372 900 sqq.
405 817 490 881 filius
524 838 656 901 prorsus
687 816 808 880 oblitus
841 818 892 880 est
922 818 1048 899 patrem
1080 836 1153 879 sese
1183 814 1311 879 adiisse.

167 921 300 986 Accedit
324 923 409 1006 quod
433 924 519 988 idem
533 923 753 1007 Argyrippus,
777 921 831 1006 qui
855 945 886 986 v.
905 921 969 986 248
992 921 1025 985 in
1048 919 1156 986 forum
1175 919 1311 1003 abierat,

162 1051 190 1092 v.
206 1029 270 1092 329
295 1028 329 1091 in
342 1028 492 1093 Philaeni
517 1028 648 1093 aedibus
672 1032 820 1092 versatur
839 1049 903 1092 una
920 1050 1036 1092 scaeua
1058 1026 1231 1093 interiecta
1252 1048 1310 1091 nec

161 1135 285 1200 ratione
309 1135 448 1217 reddita,
471 1156 528 1199 cur
551 1136 663 1199 statim
687 1134 829 1199 redierit.
869 1134 1016 1219 Denique
1040 1134 1096 1220 qui
1119 1134 1231 1219 potuit
1252 1134 1310 1197 Ar·

164 1241 321 1324 gyrippus
345 1241 475 1305 domum
496 1238 682 1305 Cleaeretae
701 1241 824 1304 intrare
843 1244 918 1324 post
936 1263 974 1306 ea
993 1262 1076 1325 quae
1094 1261 1123 1305 v.
1141 1240 1206 1305 152
1224 1240 1308 1305 locu·

164 1349 216 1410 tus
240 1346 333 1411 erat?
369 1345 444 1412 Non
467 1347 612 1411 videmus
637 1368 701 1431 qua
724 1351 813 1412 certa
835 1348 961 1411 ratione
983 1347 1046 1411 hae
1069 1348 1188 1413 turbae
1211 1368 1308 1411 remo-

160 1457 309 1517 veantur:
342 1452 397 1538 qui
425 1453 504 1518 ferri
531 1475 625 1537 posse
658 1454 840 1538 negaverit,
873 1453 901 1517 is
929 1452 1015 1517 haud
1045 1453 1168 1519 scimus
1199 1476 1243 1519 au
1268 1452 1306 1517 ad

163 1560 474 1625 contaminationem
498 1560 667 1645 confugiat
690 1565 723 1625 et
746 1581 880 1625 scaenas
904 1560 924 1623 2
948 1563 983 1624 et
1005 1560 1025 1624 3
1049 1583 1088 1626 ex
1111 1560 1179 1625 alia
1200 1558 1306 1625 fabula

168 1669 200 1731 in
221 1667 308 1747 lianc
332 1668 471 1733 insertas
496 1691 565 1733 esse
584 1669 772 1753 suspicetur.
809 1666 870 1731 Sed
890 1689 983 1731 suum
1002 1666 1138 1752 quisque
1157 1670 1305 1751 sequatur

167 1773 335 1839 iudicium:
358 1796 417 1838 nos
442 1775 522 1838 satis
546 1774 694 1839 duximus
719 1796 786 1838 rem
810 1777 968 1839 enotasse.

253 1879 294 1945 V.
312 1882 378 1945 203
402 1881 600 1946 servavimus
625 1882 710 1965 quod
740 1881 771 1945 in
796 1881 888 1945 libris
911 1884 963 1945 est
985 1881 1085 1945 coctio.
1130 1878 1227 1945 Hane
1246 1878 1301 1943 for·

163 2010 249 2052 mam
273 2008 382 2051 veram
406 2010 489 2071 esse,
515 1990 594 2053 cocio
617 2009 682 2052 non
706 1988 784 2051 item
808 1985 909 2070 Sophi
933 1985 1049 2071 Bugge
1073 1986 1237 2052 sententia
1257 1990 1299 2049 est

162 2093 383 2159 ‘Altitalische
407 2093 553 2160 Studien'
577 2117 608 2178 p.
626 2094 678 2159 35.
730 2093 776 2159 Et
797 2096 905 2159 coctio:
933 2094 1080 2158 arillutor
1107 2092 1220 2158 multis
1240 2096 1296 2157 tra

163 2200 251 2264 ditur
274 2202 306 2264 in
331 2202 562 2285 glossariorum
587 2201 750 2266 codicibus
775 2197 827 2285 (oi.
850 2198 962 2264 Prodr.
986 2222 1017 2283 p.
1036 2197 1127 2285 285).

251 2304 290 2371 V.
309 2308 374 2371 223
398 2330 531 2389 perrara
554 2310 659 2372 exstat
686 2328 749 2371 vox
771 2306 932 2389 siviardus,
960 2306 1052 2370 cuius
1074 2327 1196 2371 novum
1218 2302 1307 2369 testi·

165 2414 311 2477 monium
336 2414 499 2477 afferimus
522 2413 600 2478 hoc:

374 2520 567 2585 vireu-ulus:
591 2520 707 2601 uzellis,
731 2519 862 2584 blalcdus

285 2625 416 2678 ainnolus
435 2624 498 2677 Vat.
520 2622 616 2689 146913
636 2621 727 2676 Casiri.
747 2628 812 2688 2183
832 2622 895 2676 vat.
917 2627 985 2677 1468

285 2713 432 2777 alienabis,
452 2728 505 2766 orn.
526 2712 644 2765 blandus
664 2710 786 2779 Sarrgall.
806 2716 857 2763 912
877 2730 905 2780 p.
921 2717 981 2765 310.

162 2820 286 2885 Eadem
309 2819 509 2884 restituenda
532 2819 659 2883 videtur
681 2820 715 2883 in
739 2818 908 2883 Philoxeni
937 2820 1099 2903 glossario
1123 2843 1153 2904 p.
1173 2818 1241 2903 225,
1255 2818 1339 2883 48

160 2928 317 2992 viniacus:
351 2923 497 3009 νωχελής
533 2925 652 2991 collato
683 2925 788 2989 Paulli
815 2924 912 2989 Festo
940 2947 970 3008 p.
989 2926 1103 3009 377st
1133 2926 1339 2993 vinnolas

161 3036 277 3099 elicitur
298 3035 431 3098 molliter
452 3055 483 3098 se
502 3054 609 3116 peroras·
631 3038 660 3096 cl
676 3034 804 3096 oriri-iure
822 3034 898 3113 quid
915 3034 1049 3098 viriliter
1065 3034 1193 3113 sacimas.
1223 3031 1339 3097 Nem

164 3164 258 3224 quam
286 3140 387 3204 habes
417 3141 554 3204 sormam
585 3161 643 3223 per
665 3160 688 3203 n
712 3139 890 3222 simplicem
915 3140 1085 3224 scriptam,
1119 3140 1241 3223 qualem
1279 3134 1337 3194 el

236 3396 262 3463 ²⁸)
280 3396 389 3449 Primus
412 3394 441 3448 in
464 3393 517 3447 hac
536 3410 565 3446 re
585 3392 701 3447 offendit
718 3392 754 3447 M.
774 3392 911 3449 Antonius
931 3394 1070 3463 Muretus,
1096 3394 1146 3464 qui
1164 3394 1333 3449 tuarum

165 3473 316 3528 lectionum
331 3474 356 3526 X
371 3481 386 3527 b
402 3473 456 3541 (tl
471 3492 498 3542 p.
510 3480 561 3528 279
573 3490 613 3541 sq,
635 3473 765 3527 editionis
785 3490 803 3527 a
820 3473 849 3529 F.
860 3474 892 3527 A.
901 3473 1004 3528 Wolfio
1024 3476 1150 3543 curatae)
1167 3475 1232 3529 haee
1248 3468 1332 3527 ele·

163 3556 263 3623 gauter
282 3554 405 3623 scripsit:
427 3553 507 3608 ‘Cum
526 3554 612 3608 animi
632 3572 730 3609 caussa
748 3553 842 3607 Plauti
860 3552 1020 3608 Asinariam
1039 3554 1210 3621 evolverem,
1226 3541 1330 3623 quid·

161 3635 226 3689 dam
254 3634 345 3704 reperi
373 3634 447 3702 quod
480 3633 549 3687 mihi
578 3634 738 3702 scrupulum
767 3632 882 3688 obiecit:
916 3649 1007 3702 neque
1035 3633 1152 3688 audenti
1179 3632 1329 3689 oecusm'⁰

160 3712 294 3783 ἀτεχνίαν
313 3712 419 3775 Plauti,
447 3730 537 3782 neque
561 3716 655 3769 tamen
678 3713 714 3767 ad
738 3730 801 3767 eum
824 3713 1031 3767 defendendum
1058 3730 1092 3767 ac
1111 3710 1328 3767 vindicandum

160 3794 195 3845 ab
221 3793 272 3845 illo
297 3792 410 3847 crimine
434 3793 587 3862 quidquam
611 3792 678 3847 satis
701 3792 846 3860 probabile
870 3791 1029 3862 reperienti.
1068 3790 1142 3844 Nam
1165 3791 1194 3846 iu
1214 3790 1328 3860 prime

159 3870 257 3923 fabula
275 3887 358 3923 senex
382 3888 444 3925 eum
470 3874 579 3927 servulo
598 3873 759 3941 colloquens
782 3873 851 3927 sciro
874 3889 903 3927 se
927 3872 1052 3927 ostendit
1074 3874 1133 3929 filio
1158 3890 1224 3944 opus
1242 3870 1328 3926 &⁸⁰

160 3948 260 4015 viginti
289 3949 386 4017 minis,
414 3953 502 4006 multo
531 3956 625 4007 autem
650 3956 715 4022 post
736 3952 895 4021 Argyrippa
919 3952 984 4005 lena
1009 3950 1197 4022 [Cleaeretam
1222 3932 1327 4027 didi]

162 4044 245 4095 super
262 4026 319 4079 illis
334 4027 434 4095 viginti
448 4032 531 4086 minis
546 4051 609 4087 oum
623 4032 799 4087 adolescente
812 4029 965 4101 paciscitur
984 4075 989 4085 .
1003 4073 1027 4087 ..
1047 4034 1113 4087 aute
1127 4031 1213 4102 igitur
1222 4032 1328 4085 resssl'

161 4109 240 4159 verat
259 4121 355 4172 senex,
379 4110 514 4174 quantum
532 4111 640 4181 argent-i
659 4112 717 4166 filio
736 4129 805 4181 opus
825 4114 911 4179 esset,
936 4127 1022 4179 quam
1044 4110 1076 4165 id
1094 4110 1169 4166 lilius
1191 4112 1246 4181 ipse
1287 4104 1331 4151 2¹

160 4185 224 4239 lena
244 4200 409 4253 cognoscere
429 4189 570 4254 potuisset.
611 4194 651 4245 lle
675 4192 731 4246 seio
751 4193 842 4245 visum
866 4208 924 4246 esse
943 4189 1086 4246 nonnullis
1107 4191 1196 4265 ctiam
1205 4188 1331 4263 vereq-

160 4266 231 4319 tium
251 4264 279 4316 in
300 4262 434 4331 Ailolplris
458 4265 587 4323 similiter
606 4269 697 4339 ipsum
721 4288 831 4338 quoquo
855 4286 991 4339 peccasse.
1031 4269 1086 4324 Sed
1106 4269 1226 4326 Terentii
1241 4268 1331 4341 (1111·

159 4345 222 4397 deur
243 4359 366 4397 caussam
383 4345 490 4397 veteres
509 4348 597 4401 critici
617 4349 698 4403 facilc
714 4350 866 4418 expediunt
883 4366 1003 4419 eumque
1022 4348 1151 4404 omnibus
1170 4342 1331 4411 suffngss'

158 4422 288 4477 liberant.
325 4422 486 4476 Plautinum
504 4426 557 4479 hoc
577 4446 674 4482 vereor
691 4432 723 4481 ut
740 4446 828 4499 acque
848 4429 929 4483 facile
948 4429 1064 4484 defendi
1082 4430 1188 4497 queas.
