2948 5594
160 350 225 426 '118
661 361 797 417 Pusv'n
984 362 1095 430 uragu.
1114 359 1232 415 inu-1

690 523 770 587 XIII

159 629 231 695 Nisi
255 631 317 695 hoc
340 632 388 696 itu
410 632 567 696 factumst
590 629 724 715 proinde
748 634 785 694 ut
807 629 931 695 fectum
955 650 1025 694 esse
1048 633 1183 697 autumo

160 736 236 802 Non
260 741 391 802 causum
414 738 485 804 dico
509 736 588 822 quin
611 759 688 802 uero
711 737 881 802 insimules
904 737 1025 821 probri

692 913 770 978 XIV

163 1018 229 1098 Qui
249 1043 389 1106 nequeas
413 1017 610 1086 nostrerum
623 1027 695 1086 uter
718 1022 762 1087 sit
784 1003 982 1105 Amphitruo
1006 1022 1178 1088 dece'rnere

702 1186 763 1263 XV

262 1307 404 1371 ibitendi
427 1312 513 1372 nunc
535 1307 598 1370 tibi
622 1308 720 1371 etiem
744 1307 905 1373 occisiost

694 1465 771 1531 XVI

262 1575 344 1658 quse
371 1596 422 1637 me
446 1575 580 1640 absente
604 1577 720 1656 cerpus
743 1571 891 1658 uulgauit
915 1596 1006 1639 suom

689 1730 784 1796 XVII

163 1822 317 1887 Pe'ssumo
341 1820 412 1887 noli
436 1823 562 1907 precuri

162 1949 325 1958 -—-—-—
330 1950 374 1955 ......

232 1995 305 2051 XIII.
324 1996 436 2054 Nonius
453 2015 480 2066 p.
500 2000 571 2063 237,
588 2002 622 2054 2.·
654 1997 834 2051 autumare
859 2000 902 2052 est
923 1997 1016 2053 dicere
1036 2039 1042 2051 .
1060 2041 1065 2052 .
1082 2039 1088 2051 .
1108 1998 1227 2053 Plautus

161 2075 325 2149 phitryone:
360 2076 445 2132 ‘nisi
465 2074 667 2146 ...probri'
749 2076 856 2132 fectum
880 2079 924 2133 est
944 2079 1056 2134 Nomius
1147 2079 1216 2147 quin

162 2156 307 2213 insimules
324 2156 800 2225 Bruudlius,Luupeuuep.117:
831 2174 929 2211 uerum
952 2157 1020 2227 quin
1042 2158 1158 2213 simules
1181 2163 1232 2228 (qn

163 2237 277 2292 simules
291 2239 349 2292 cod.
365 2237 403 2303 P)
417 2237 529 2291 Nouius
573 2235 641 2304 quin
655 2251 752 2288 uerum
767 2236 963 2304 Hoffmauuus.
995 2238 1063 2307 quin
1077 2239 1136 2294 iure
1157 2238 1232 2293 Usum

163 2317 215 2383 nir,
235 2315 301 2386 quin
317 2317 510 2387 Quieteratius
572 2311 716 2368 insimulet
731 2313 918 2382 Hoffmauum
981 2335 1078 2373 uerum
1101 2318 1150 2388 qui
1164 2317 1232 2372 insin

165 2394 280 2467 probri?
300 2397 408 2452 Parcus
479 2414 575 2450 uerum
591 2411 625 2449 ne
643 2393 789 2450 insimulet
807 2394 904 2465 probri
917 2396 1035 2453 Botliiue
1106 2396 1180 2451 XIV.
1199 2397 1232 2450 m

159 2494 190 2547 p.
208 2481 276 2544 285,
297 2482 348 2533 29.·
380 2477 562 2531 decernere
586 2478 630 2529 est
652 2473 752 2530 dicere.
790 2475 907 2530 Plautus
929 2476 959 2529 in
984 2476 1204 2547 Amphitryone:

163 2573 271 2627 neque
290 2558 350 2612 has
370 2599 421 2613 ...
441 2555 636 2626 amphitryo
654 2554 853 2610 decernere'
929 2556 996 2611 Post
1009 2574 1033 2611 a.
1049 2561 1123 2611 1038
1138 2559 1232 2612 Insere

161 2639 274 2710 putauit
288 2636 452 2692 Gulielmius
523 2651 631 2704 nequeo
650 2637 807 2690 nostrorum
821 2636 969 2691 Acidalius
987 2644 1011 2691 et
1026 2636 1192 2692 Gulielmius

164 2718 213 2772 hoc
240 2733 265 2772 o.
288 2719 407 2785 scriptor
429 2716 584 2786 arpumeuti
606 2715 751 2770 acrostichi
772 2731 796 2769 a.
822 2721 885 2785 7sq.
907 2718 1021 2785 pendet:
1045 2715 1185 2786 Blephero
1212 2734 1232 2772 u

165 2796 290 2862 arbiter!
306 2798 369 2851 uter
387 2796 498 2850 sitnon
516 2795 579 2864 quit
592 2794 760 2864 Amphitruo
779 2793 927 2850 decernere
1000 2794 1058 2849 XV.
1080 2797 1232 2851 Prisciauu

163 2880 201 2932 24
220 2881 239 2929 t.
259 2877 280 2928 I
289 2893 318 2945 p.
335 2879 398 2943 564,
419 2880 454 2929 12
463 2875 516 2928 IL:
539 2874 714 2929 declinentur
731 2877 824 2930 autem
839 2875 989 2945 participia
1003 2876 1039 2930 ud
1053 2875 1232 2931 similitudine

163 2957 290 3027 regulum
310 2955 453 3011 nominum
476 2954 505 3008 in
527 2955 583 3008 ‘ns'
603 2954 791 3010 desinentium
809 2955 855 3009 uel
876 2956 905 3009 in
926 2955 979 3010 ‘us’
1000 2955 1161 3024 mobilium,
1180 2973 1232 3010 exc

164 3039 294 3107 utsupra
308 3035 415 3090 dictum
429 3037 479 3102 est,
498 3033 564 3101 illis,
584 3050 654 3102 quse
668 3037 820 3089 nascuntur
834 3051 851 3088 e
865 3034 958 3088 uerbis
972 3037 1090 3104 quartae
1105 3036 1232 3106 coniugsl

166 3116 196 3170 iu
212 3115 269 3170 ‘eo’
290 3114 490 3181 desinentibus,
506 3129 623 3182 quorum
638 3113 785 3183 genetiuus
799 3114 911 3168 uocales
925 3114 1093 3170 nominetiui
1110 3114 1160 3170 ‘ie’
1176 3118 1232 3170 mul

167 3197 239 3251 ‘eu’:
266 3196 338 3251 ‘iens
351 3195 466 3262 euntis'‚
487 3193 597 3262 ‘quiens
612 3194 764 3262 queuntis’‚
781 3195 909 3262 quemuis
923 3193 1038 3249 Plautus
1054 3195 1225 3250 ‘abiendi’

165 3293 216 3346 pro
247 3275 400 3329 ‘ebeundI'
431 3275 461 3328 in
487 3273 706 3344 Amphitryone:
746 3273 900 3328 ‘abiendi
921 3316 926 3328 .
947 3316 952 3327 .
974 3317 979 3329 .
1001 3276 1137 3330 occasio
1171 3275 1232 3328 est*

167 3354 280 3408 abiendi
299 3353 386 3407 etium
404 3371 478 3408 nunc
496 3352 549 3407 tibi
569 3354 613 3406 est
627 3352 738 3407 occisio
753 3353 878 3409 Boetius.
912 3355 1024 3409 abiendi
1039 3356 1165 3410 mendum
1184 3371 1232 3409 esu

167 3435 269 3489 codicis
286 3450 338 3502 quo
353 3449 419 3487 usus
433 3435 469 3487 sil
485 3434 650 3488 Priscianus
664 3449 718 3501 pro
737 3433 857 3488 abeundi
871 3440 955 3504 putul
969 3435 1165 3490 Sclroedemus:
1192 3434 1232 3489 ide

167 3512 293 3569 abitendi
316 3513 434 3582 cupitum
456 3531 512 3568 mou
535 3513 618 3567 audet
714 3512 785 3565 XVI.
805 3514 917 3569 Nouius
935 3533 965 3584 p.
987 3519 1055 3581 182,
1075 3520 1127 3570 21.·
1154 3513 1232 3583 uulg

166 3595 282 3651 honeste
308 3594 431 3665 posilum
454 3594 511 3647 uile
537 3591 635 3646 hebuit
659 3592 689 3645 et
711 3593 791 3661 qussi
814 3593 843 3646 in
861 3593 963 3663 uulgus
987 3593 1075 3649 dedit.
1112 3594 1228 3649 Plautus

165 3678 328 3749 phitrycne:
360 3675 542 3742 ‘cuiusque
561 3716 567 3727 .
584 3715 589 3726 .
607 3714 612 3725 .
632 3672 792 3743 uulgauit
811 3674 930 3728 suum'.
951 3705 983 3714 —
1004 3675 1104 3744 cuique
1119 3676 1183 3730 med
1198 3675 1232 3730 ab

166 3777 267 3828 corpus
293 3773 360 3810 uxor
383 3755 548 3809 Gulielmius
572 3758 609 3820 (et
631 3769 699 3806 uxor
723 3769 822 3822 corpus
845 3755 979 3824 suppleuit
1002 3753 1122 3810 Rottius
1146 3771 1232 3825 quoqu

166 3838 305 3900 Nouium,
329 3836 355 3888 L
379 3836 469 3890 codice
491 3849 558 3888 rusus
581 3834 629 3902 qui
648 3839 785 3901 ucorpus).
822 3832 867 3887 cui
888 3850 975 3902 usque
995 3834 1059 3887 med
1078 3836 1194 3889 absente
1213 3851 1232 3888 cu

168 3915 363 3982 Hoffmauuus.
400 3917 544 3983 quisquam
568 3914 653 3981 (Qui‘l
678 3931 748 3984 quee
772 3915 828 3968 ulio
852 3918 979 3981 leurpcre)
997 3932 1041 3967 me
1069 3915 1185 3968 absente
1213 3931 1232 3968 cu

168 3994 294 4047 Boetius.
330 3994 436 4063 [eccum
450 3996 545 4067 uideo]
561 4012 632 4064 quse
647 4013 691 4049 me
706 3996 821 4049 absente
836 4010 935 4063 corpus
955 3994 1106 4064 Ussiupius.
1141 3994 1222 4048 huius

168 4089 212 4127 me
223 4072 339 4126 absente
354 4089 452 4142 corpus
469 4075 656 4131 Sclroederus.
685 4075 839 4143 quoiusque
854 4073 1000 4144 [techinis]
1015 4073 1079 4127 med
1089 4075 1232 4128 absentee

167 4155 223 4208 siue
237 4149 392 4222 quoiusque
408 4152 552 4225 [techinis]
567 4172 611 4209 me
626 4155 741 4208 absente
757 4153 848 4224 [uxor]
867 4172 967 4223 cerpus
984 4154 1143 4209 Brundtr'us
1225 4152 1232 4205 3

168 4234 280 4289 Seruius
299 4231 429 4286 Danielis
446 4233 478 4286 iu
503 4233 602 4304 Verqil.
623 4238 691 4289 Aen.
714 4234 801 4287 VIII
816 4238 870 4289 127
895 4234 941 4287 ‘et
963 4235 1008 4288 cui
1027 4251 1072 4287 me
1090 4233 1226 4304 precuri’]

167 4316 277 4370 ueteres
296 4312 326 4367 et
345 4312 455 4381 ‘precor
469 4311 524 4367 illi’
540 4332 591 4383 pro
612 4315 721 4384 ‘precor
740 4330 790 4383 pro
810 4313 871 4368 illo’
893 4313 1031 4369 dicebunt.
1069 4313 1185 4368 Plautus
1201 4314 1229 4368 in

168 4392 324 4461 phihione:
353 4391 440 4445 ‘noli
458 4393 607 4460 pessimo
627 4395 760 4463 precari
774 4392 873 4460 (nobili
888 4393 1009 4462 pessime
1022 4394 1129 4464 precari
1145 4388 1232 4449 codl

170 4473 274 4540 792ss
303 4472 357 4527 hoc
384 4473 427 4526 est
454 4473 496 4538 (et
528 4473 582 4526 hoc
610 4476 651 4526 est
678 4475 761 4542 idem)
791 4473 858 4543 ‘pro
882 4473 1003 4543 pessimo
1031 4471 1091 4527 noli
1118 4468 1232 4542 proceri2
