2948 5594
166 325 257 382 XVIII
630 327 837 385 PRAEFATIO

166 492 348 557 notavimus
373 491 504 574 accedit,
528 493 612 576 qued
636 493 755 558 bellum
779 495 864 558 inter
887 494 1022 561 Aetolos
1040 494 1209 582 Aleesque
1233 517 1314 562 com·

167 603 381 664 memoratum
405 600 438 663 iu
463 599 525 664 hae
548 600 659 664 fabula
684 601 829 685 quamvis
854 601 1025 667 obscurum
1050 603 1107 682 sit,
1129 602 1166 667 in
1189 605 1314 669 univer·

166 729 237 771 sum
261 711 371 772 tamen
390 728 494 772 nevae
513 707 697 772 comoediae
716 709 916 792 temporibus
936 709 1140 792 probabilius
1163 710 1315 776 tribueris

166 836 205 878 ex
227 835 361 899 graecae
384 814 558 897 historiae,
571 815 729 879 memoria
752 814 998 900 civitatiumque
1027 837 1221 902 graecarum
1244 839 1315 884 eon·

166 921 355 986 dicionibus.

254 1027 329 1093 Non
357 1029 462 1113 magis
490 1031 619 1093 constat
647 1028 685 1092 de
716 1036 863 1113 ternpore
892 1011 956 1115 quo
987 1035 1061 1096 acta
1090 1032 1135 1097 sit
1161 1031 1315 1098 Plautina

165 1136 288 1200 fabula:
312 1157 414 1219 neque
434 1137 520 1200 enim
545 1139 628 1200 recte
643 1134 826 1221 Herzogius
842 1136 861 1200 l.
872 1159 896 1203 s.
907 1159 932 1202 s.
947 1137 1151 1204 Turdetanos
1166 1138 1212 1224 (v.
1229 1137 1315 1225 183),

166 1241 264 1308 Boios
288 1243 332 1328 (v.
356 1238 448 1329 888),
477 1263 586 1326 regem
615 1262 727 1326 regum
751 1242 795 1326 (v.
818 1241 913 1328 823),
941 1244 993 1309 cui
1020 1244 1176 1311 basilicas
1205 1246 1314 1312 edicti·

166 1371 243 1414 ones
267 1351 310 1430 (v.
335 1350 427 1429 [811]
453 1347 531 1433 814)
564 1370 734 1432 perperam
767 1349 928 1433 adiunxit,
960 1372 999 1415 ex
1030 1372 1193 1418 annorum
1217 1352 1314 1437 562ss

166 1480 194 1520 a.
217 1479 247 1519 u.
272 1478 296 1520 e.
321 1456 416 1520 rebus
445 1455 546 1540 gestis
576 1456 822 1521 commemorari
848 1457 991 1539 putavit,
1024 1479 1098 1522 cum
1130 1481 1173 1524 ex
1205 1460 1313 1545 singu·

164 1563 271 1627 lorum
295 1562 350 1626 ubi
375 1568 502 1627 exstant
526 1562 670 1627 locorum
695 1563 882 1627 condicione
903 1565 1035 1648 proprio
1060 1566 1213 1632 acumina
1236 1567 1314 1631 haec

164 1669 304 1733 maxime
327 1668 512 1732 adhibuerit
535 1673 641 1752 poeta

254 1776 337 1840 Tota
365 1797 441 1841 vere
466 1775 577 1840 fabula
601 1772 652 1840 ‘ad
677 1775 810 1859 pudicos
834 1798 939 1841 mores
962 1775 1061 1842 facta'
1085 1800 1162 1843 eum
1192 1783 1226 1844 et
1253 1780 1314 1863 ipsi

164 1887 280 1967 poetae
313 1886 442 1966 praeter
472 1887 596 1947 ceteras
628 1882 787 1966 placuerit
819 1887 853 1947 et
885 1883 996 1948 multis
1034 1884 1103 1949 eius
1135 1885 1312 1951 lectoribus

165 1989 253 2053 velut
267 1987 453 2053 Camerarie
471 1987 705 2073 Lessingioque
728 1993 851 2073 nostro,
876 2010 943 2055 nou
966 2012 1032 2055 uno
1055 1992 1191 2056 nomine
1213 2014 1314 2077 nuper

163 2097 349 2179 vituperata
375 2102 425 2160 est
453 2119 473 2161 a
498 2095 653 2180 Langeno
676 2096 711 2158 in
740 2095 823 2160 libre
853 2097 957 2161 bonae
984 2096 1089 2182 fingis
1113 2098 1314 2182 plenissime,

163 2203 215 2267 cui
248 2203 418 2286 inscripsit
446 2200 680 2268 ‘Plautinische
705 2199 889 2288 Studien'*)
918 2200 1063 2269 Beroliui
1092 2204 1141 2270 ed
1175 2228 1204 2270 a
1231 2205 1313 2271 1886

163 2310 270 2392 p.116
282 2332 350 2394 sqq.
393 2309 494 2372 Aede
511 2308 676 2374 nonnullis
700 2308 806 2391 rebus,
829 2309 863 2372 in
887 2310 1004 2393 quibus
1027 2314 1086 2374 aut
1108 2313 1312 2376 consentiam

164 2419 221 2480 aut
240 2415 429 2480 dissentiam
449 2438 521 2481 euru
538 2415 606 2480 vire
630 2414 865 2479 humanissimo
884 2415 950 2479 iam
969 2417 1004 2481 in
1022 2417 1203 2501 appendice
1218 2416 1312 2505 (adde

163 2544 193 2605 p.
217 2520 296 2587 XVI
322 2523 406 2607 adn.)
431 2519 605 2607 monui**),
629 2520 667 2586 de
691 2522 764 2587 aliis
783 2521 846 2586 hec
868 2521 939 2587 loco
962 2524 1074 2607 paucis
1099 2523 1275 2608 disputem.

162 2697 192 2751 in
207 2698 308 2766 eisqui
324 2697 452 2768 agentis
472 2713 573 2752 scaena
591 2713 686 2751 ornnes
706 2713 735 2749 ss
754 2696 927 2751 ostenderint
949 2698 1157 2767 spectatoribus
1182 2700 1311 2770 loquente

163 2778 276 2833 domino
296 2779 398 2850 gregis.
428 2778 602 2847 Quamquam
621 2793 678 2831 nen
696 2776 857 2846 negaverim
877 2793 911 2831 ex
924 2775 987 2846 ipso
1006 2776 1093 2831 etiam
1111 2795 1166 2831 usu
1185 2781 1310 2833 scaenico

162 2857 239 2927 loqui
258 2876 339 2928 posse
358 2858 512 2913 Horatium.

234 2938 259 3009 *)
280 2939 316 2992 Et
339 2939 385 2992 hic
404 2939 475 2993 liber
495 2941 524 2992 et
542 2937 666 2991 Cremeri
686 2937 845 2990 dissertatio
869 2936 903 2991 de
922 2937 1040 3006 perlecti
1067 2937 1243 2993 coniunctivi
1261 2956 1308 2991 usn

68 3078 71 3083 ,
163 3019 312 3088 potentiali
326 3017 470 3089 Morburgi
491 3018 532 3072 ed.
549 3033 573 3070 a.
590 3023 658 3072 1886
679 3021 707 3071 et
725 3015 853 3070 Caesaris
871 3016 983 3071 libellus
1002 3018 1037 3071 de
1055 3016 1153 3072 Plauti
1176 3019 1308 3073 memoria

163 3101 237 3167 apud
257 3100 379 3153 Nonium
399 3099 512 3152 servata
531 3097 640 3166 plenius
659 3114 722 3150 mox
740 3096 984 3151 dissertationibus
1000 3092 1238 3167 Argoratensibus
1257 3098 1305 3152 vol.

163 3179 199 3231 XI
220 3178 381 3234 inserendus
400 3179 430 3232 in
448 3194 546 3232 manus
565 3192 642 3230 meas
660 3180 855 3245 pervenerunt,
877 3195 939 3231 curn
958 3178 1014 3232 ium
1035 3181 1105 3233 haec
1123 3180 1214 3234 editio
1232 3181 1304 3233 abso

162 3259 223 3312 luta
246 3263 275 3313 et
294 3259 466 3328 bibliopolae
491 3257 597 3311 tradita
617 3261 703 3310 esset:
728 3256 776 3309 scd
800 3255 873 3309 inter
897 3257 1093 3325 corrigendum
1111 3257 1227 3313 illerum
1249 3275 1303 3312 aeu-

160 3338 265 3392 tentiae
285 3339 406 3394 inserere
425 3339 512 3409 potui.

232 3419 272 3483 **)
291 3418 453 3487 1111888,
477 3434 560 3486 quem
580 3413 763 3485 vituperavit,
782 3432 837 3468 nou
857 3415 972 3469 seclusit
985 3416 1153 3486 Longanos,
1173 3419 1219 3472 hic
1236 3418 1301 3472 adde

161 3500 252 3553 miuus
272 3504 347 3553 reete
366 3499 496 3553 contendi
516 3497 545 3565 (l.
567 3515 587 3550 s.
608 3515 627 3549 s.
647 3513 674 3564 p.
696 3496 758 3561 118)
784 3495 880 3549 “lame
903 3513 931 3550 er
949 3496 1009 3549 bier
1027 3498 1105 3551 nicht
1128 3499 1183 3552 den
1200 3499 1300 3552 11111111

162 3579 271 3634 Nemee
293 3580 483 3649 hirraapcsrtpt,
506 3595 535 3632 so
557 3578 649 3631 warde
668 3575 757 3645 111111
780 3575 855 3629 nield
873 3577 969 3629 unrbia
991 3576 1109 3644 pateant
1132 3577 1222 3632 buben
1238 3577 1299 3631 auct

161 3661 270 3712 1111111
287 3677 322 3714 aa
340 3660 477 3730 srepeu'’:
497 3675 560 3711 nani
581 3674 644 3708 cum
659 3674 683 3709 v.
696 3661 748 3708 633
758 3671 819 3721 sqq.
839 3659 936 3723 aperte
946 3671 997 3723 pro
1007 3655 1083 3710 iusto
1095 3657 1208 3710 nomine
1218 3655 1297 3724 Hegio

161 3738 295 3792 ficticium
314 3740 432 3807 habeat,
456 3755 552 3791 verum
575 3736 699 3806 ignoret,
725 3733 822 3800 quidni
845 3733 920 3788 idem
939 3736 1052 3803 poetam
1072 3735 1168 3804 priora
1186 3736 1246 3791 loeo
1262 3735 1295 3788 in·

162 3816 277 3871 stituere
297 3819 346 3871 aut
364 3819 489 3886 potuisse
509 3821 557 3871 aut
572 3814 700 3869 debuisse
720 3813 924 3870 concedamus?
953 3811 1074 3868 Omnino
1092 3817 1188 3870 autern
1208 3831 1294 3870 caven·

162 3896 227 3948 dum
241 3912 276 3948 ne
291 3897 464 3950 comoediam
479 3897 514 3950 ud
530 3896 680 3950 severiores
699 3893 821 3947 rationes
836 3893 1121 3962 ratiocinationesqua
1135 3910 1292 3951 revocemus.

162 3975 252 4039 Quare
281 3976 352 4028 illud
381 3995 493 4046 quoque
520 3975 646 4045 improbo
675 3972 751 4041 quod
774 3989 837 4027 curn
861 3973 1015 4028 Dombarto
1038 3974 1190 4045 Langenus
1208 3994 1232 4045 p.
1251 3978 1291 4027 121

161 4053 269 4122 lapsum
295 4056 444 4109 memoriae
469 4056 499 4109 in
518 4071 551 4109 eo
576 4055 713 4123 agnoscit,
737 4054 812 4121 quod
831 4072 855 4108 v.
877 4058 928 4107 106
949 4053 1040 4123 Hegio
1061 4055 1193 4125 Tyndaro
1217 4054 1291 4109 dieat:

160 4137 255 4189 oeteis
279 4141 303 4188 te
326 4137 470 4205 quicquam
492 4138 531 4190 mi
553 4137 631 4189 bodie
653 4135 755 4200 salsum
774 4135 916 4202 proloqui,
943 4151 1006 4187 cum
1031 4153 1056 4189 v.
1077 4142 1130 4191 264
1153 4130 1290 4191 Philocrati

160 4215 254 4282 potius
273 4216 386 4269 dixerit:
407 4234 522 4285 qaorum
536 4233 627 4270 reram
646 4220 670 4267 te
688 4215 846 4281 falsidicam
859 4214 899 4267 mi
912 4215 1050 4270 11111111.
1080 4215 1155 4271 Nam
1169 4214 1288 4271 11111111

160 4296 245 4349 verba
264 4297 378 4365 propius
397 4314 457 4350 sese
477 4297 634 4365 attingunt,
653 4298 747 4349 tamen
767 4294 864 4348 eadem
884 4294 1025 4349 sententia
1043 4314 1070 4350 v.
1089 4302 1143 4351 186
1160 4294 1214 4366 ipsi
1229 4291 1288 4359 'lyn-

160 4373 227 4427 dare
243 4375 324 4430 dixit:
344 4378 388 4430 bic
400 4377 504 4442 fassust
521 4378 596 4442 criti,
614 4377 680 4431 1111
697 4376 789 4430 cadem
801 4375 827 4429 si
844 4375 1031 4442 1111111111,
1045 4381 1097 4431 tae
1110 4393 1145 4431 ac
1161 4393 1190 4430 rc
1201 4370 1287 4443 [111111

160 4454 208 4506 ubi
227 4455 373 4523 Tyndarus
396 4457 536 4512 coneedit:
564 4457 629 4522 fecit
650 4456 773 4523 efficiam
795 4456 839 4508 bic
860 4470 951 4522 suem,
974 4471 1057 4525 quem
1076 4458 1153 4513 tibist
1169 4456 1288 4522 censeas!
