2948 5594
795 40 820 71 ΕΓ

796 86 801 107 l

85 39 1247 432 a

633 848 840 906 PRAEFATIO
1256 849 1306 905 XV

159 1015 227 1081 hoo
248 1037 343 1081 versu
367 1016 411 1081 94
429 1015 536 1099 ipsum
560 1015 646 1100 quod
670 1018 768 1080 antea
791 1014 1008 1079 desideramus
1034 1014 1222 1080 adverbium
1245 1015 1310 1079 illic

160 1124 316 1189 excurrit:
348 1145 447 1207 quare
475 1123 537 1187 hoc
565 1123 637 1188 loco
669 1144 734 1187 non
761 1124 829 1186 tam
859 1143 897 1186 ex
931 1121 1115 1186 coniectura
1143 1142 1240 1204 quam
1271 1143 1310 1185 ex

161 1229 322 1295 memoria
343 1250 534 1295 revocamus
558 1229 670 1294 eadem
694 1250 826 1313 prorsus
850 1228 984 1311 ratione,
1007 1250 1070 1313 qus
1093 1233 1191 1293 antea
1213 1250 1242 1292 v.
1266 1227 1308 1292 59

160 1356 226 1402 eoae
247 1357 288 1400 ex
309 1358 340 1402 v.
363 1336 405 1401 58
433 1335 654 1419 protrahimus
682 1339 716 1398 at
744 1339 877 1400 scortum
901 1357 938 1398 ex
962 1356 991 1398 v.
1017 1335 1056 1399 71
1081 1334 1116 1398 in
1138 1357 1166 1398 v.
1191 1333 1309 1399 7411-

161 1440 358 1523 hibemus').
381 1439 470 1518 Quae
484 1463 557 1507 cnm
572 1443 620 1506 ita
635 1442 712 1527 sint,
725 1463 808 1506 unus
823 1445 927 1506 restat
939 1462 1050 1505 versus
1065 1441 1106 1504 31
1120 1442 1175 1524 qui
1181 1440 1309 1505 Voleum

162 1549 271 1614 forma
299 1549 462 1614 emendari
493 1548 648 1614 videatur.
694 1547 782 1614 Nam
812 1570 908 1633 quem
941 1546 1130 1632 Spengolius
1163 1547 1310 1612 adiunxit

162 1678 192 1722 v.
218 1656 282 1722 169
312 1660 480 1740 praeterea
506 1678 579 1721 cnm
607 1654 815 1720 Fleckeiseno
849 1654 1072 1719 additamento
1104 1655 1164 1719 emi
1193 1653 1309 1736 affecit,

164 1784 238 1828 cum
260 1784 328 1827 non
349 1762 446 1828 modo
470 1761 622 1844 sufficiat,
645 1761 701 1826 sed
720 1762 838 1825 iterum
857 1760 1039 1826 necessaria
1062 1759 1107 1824 sit
1125 1760 1190 1825 alia
1208 1782 1310 1844 eaque

162 1869 245 1934 satis
268 1869 353 1933 lenis
376 1869 475 1952 ratio,
506 1890 570 1954 qus
593 1869 690 1933 simul
719 1868 801 1931 alius
831 1866 999 1932 hominum
1023 1867 1190 1932 doctorum
1220 1887 1310 1931 error

163 1975 332 2041 refutetur.
376 1973 442 2040 Vbi
466 1997 539 2041 cum
561 1974 719 2040 nuditum
743 1974 799 2038 sit:

274 2081 358 2148 Nam
382 2104 491 2148 eccum
515 2081 568 2146 hic
591 2081 757 2167 captiuum
778 2078 783 2166 Ι
804 2080 1042 2146 adulescentem
1063 2084 1068 2161 Ι
1089 2080 1204 2164 alcum,

161 2188 251 2254 haud
274 2190 368 2273 pauci
392 2190 476 2253 inter
497 2189 578 2253 alias
602 2189 800 2253 mutationes
824 2208 925 2252 cocum
942 2187 1023 2252 hunc
1046 2184 1309 2273 scripserunt**).

163 2293 268 2371 Quam
291 2296 397 2379 ipsam
421 2295 638 2360 coniecturam
662 2294 860 2359 Dombartus
889 2315 961 2358 cum
985 2294 1067 2358 alias
1101 2298 1170 2358 tum
1193 2295 1311 2359 Annal.

161 2401 244 2485 phil.
257 2400 397 2467 CXXIII
416 2400 459 2486 (a.
478 2398 577 2488 1881)
592 2424 624 2485 p.
639 2402 703 2467 185
714 2422 783 2486 sqq.
806 2423 865 2485 pro
888 2401 1099 2466 fundamento
1123 2401 1309 2466 firmissimo

162 2507 280 2573 habuit
310 2509 379 2573 eius
410 2508 584 2593 opinionis,
617 2529 682 2593 qua
715 2508 861 2592 captivos
888 2529 946 2591 per
975 2509 1114 2590 primurn
1145 2512 1252 2572 actum
1276 2508 1309 2571 in

162 2636 280 2680 scaena
302 2617 424 2681 versari
454 2616 571 2680 acriter
594 2614 746 2680 defendit.
792 2611 905 2698 Neque
929 2614 984 2698 qui
1012 2615 1097 2679 hano
1126 2616 1310 2699 opinionem

162 2721 268 2786 fusius
306 2744 403 2806 quarn
441 2721 632 2807 diligentius
669 2721 917 2806 impugnaverat
953 2720 1142 2786 Martinsius
1181 2721 1310 2797 Quacat.

162 2827 271 2893 Plaut.
294 2827 341 2892 ed.
364 2827 439 2893 Hal.
463 2851 490 2893 a
516 2828 601 2893 1879
625 2850 655 2911 p.
680 2828 722 2892 28
733 2849 800 2911 sqq.
825 2832 881 2891 aut
903 2828 979 2891 talis
1007 2828 1208 2892 fundamenti
1232 2828 1309 2892 levi·

161 2939 266 3000 tatem
285 2935 506 3020 castigaverat
528 2939 585 2999 aut
608 2934 740 2999 om'nino
765 2955 846 3017 quac
871 2934 1031 3017 gravioris
1056 2934 1210 2998 momenti
1235 2941 1310 2998 sunt

162 3043 327 3106 attulerat
371 3039 509 3106 Notavit
531 3063 607 3106 vero
631 3039 712 3104 illud
725 3038 936 3123 Niemeyerus
952 3039 1072 3105 ‘Zsohn
1087 3041 1108 3105 f.
1124 3039 1241 3124 Gymn.
1256 3039 1310 3105 w.'

161 3153 186 3214 t
209 3147 351 3212 XXXIX
375 3170 402 3213 a.
434 3148 519 3212 1885
542 3169 572 3231 p.
596 3147 669 3211 362.
721 3146 789 3210 Iam
818 3148 880 3210 etsi
909 3146 949 3210 ad
977 3147 1135 3212 curandos
1164 3148 1310 3231 captivos

111 3248 117 3257 ’
163 3255 349 3320 abeundum
379 3276 449 3319 csse
478 3254 599 3318 lorario
628 3257 741 3335 aperte
771 3252 850 3316 dicit
877 3252 981 3337 Hegio
1010 3277 1038 3318 v.
1066 3255 1142 3339 125,
1172 3277 1308 3339 quocum

161 3362 308 3427 concinit
331 3361 462 3426 secundi
481 3365 573 3425 actus
598 3359 774 3442 exordium,
797 3358 855 3423 ubi
874 3360 957 3424 redit
981 3361 1117 3425 lorarius
1141 3383 1213 3425 cum
1237 3384 1311 3445 cap-

160 3469 241 3532 tivis
275 3467 369 3533 ‘foris
403 3465 632 3531 ambulaturis'
662 3466 705 3549 (v.
736 3462 830 3551 114),
867 3467 1077 3531 nihilominus
1115 3466 1310 3532 Dombartus

160 3571 358 3660 Brixiusquc
381 3597 454 3639 curn
474 3596 511 3639 eo
536 3574 618 3638 miro
639 3573 777 3638 artificio
797 3595 813 3637 e
833 3577 996 3640 contrario
1015 3575 1143 3661 fingunt
1164 3577 1310 3660 captivos

161 3862 241 3917 modi
259 3863 366 3932 placita
385 3863 541 3918 convenire.
567 3860 695 3916 Ceterum
710 3864 837 3929 quamvis
856 3863 1011 3919 liberaliter
1030 3884 1063 3919 ex
1078 3867 1160 3919 huius
1179 3865 1310 3919 editionis

160 3942 296 3998 instituto
322 3942 528 4004 diversissimas
551 3943 636 4011 atque
660 3943 745 3997 etiam
774 3944 889 3998 frivolas
914 3947 1056 3999 hominum
1081 3947 1225 3999 doctorum
1251 3962 1310 3997 sen-

160 4024 268 4078 tentias
288 4023 488 4093 congesserim,
511 4025 605 4077 tamen
625 4023 660 4076 ab
680 4023 773 4077 animo
792 4024 943 4093 impetrare
963 4042 1018 4078 non
1037 4026 1125 4094 potui,
1145 4026 1177 4077 nt
1194 4023 1311 4078 Belowii

161 4102 390 4158 dissertationem
414 4120 604 4172 excerperem:
628 4119 719 4172 noque
743 4104 817 4157 enim
836 4108 897 4157 erat
915 4107 990 4172 quod
1018 4106 1091 4157 hunc
1110 4104 1202 4172 potius
1221 4101 1309 4157 nomi-

161 4200 260 4238 narem
281 4182 402 4237 ‘hiatum
416 4201 474 4238 non
489 4181 701 4237 sollicitantem'
723 4200 807 4250 quam
827 4185 953 4250 quemvis
973 4182 1061 4236 alium
1081 4181 1171 4251 σοφὸν
1190 4179 1309 4250 ἄσοφον.

253 4262 447 4332 ¹)Praeteraa
470 4261 504 4318 ef.
528 4281 554 4318 v.
574 4268 687 4332 aossq,
711 4269 824 4333 eoasq,
849 4269 913 4318 aaa:
938 4270 1003 4330 sor,
1028 4270 1137 4332 avrsq,
1161 4269 1225 4318 evo:
1250 4268 1312 4331 481,

161 4349 215 4398 505
225 4360 277 4411 aq,
296 4348 347 4396 571
360 4361 401 4412 sq.
428 4345 465 4414 (v.
485 4342 605 4413 append.
630 4343 710 4413 crit),
734 4349 799 4398 847:
823 4349 883 4397 850.
920 4343 1013 4413 Atque
1042 4345 1077 4398 de
1105 4343 1213 4397 duobus
1241 4361 1311 4412 quos

162 4438 250 4492 supra
267 4424 486 4477 commemoravi
503 4422 622 4492 aliisque
637 4423 772 4493 exemplis
790 4440 872 4477 nemo
892 4442 1024 4493 umquam
1039 4425 1087 4493 qui
1106 4441 1190 4479 sanae
1208 4425 1311 4478 mentis

161 4507 239 4559 esset
257 4503 407 4558 dubitavit.
432 4502 535 4569 Quodsi
560 4503 697 4571 ‘quidam'
723 4520 834 4558 omnem
858 4505 930 4557 hano
949 4505 1018 4558 artis
1042 4504 1154 4559 criticae
1174 4504 1312 4558 rationem

162 4585 192 4638 in
209 4584 301 4653 praef,
318 4581 430 4636 Trucul.
449 4581 529 4637 novis
548 4584 688 4651 certisque
707 4585 844 4654 exemplis
863 4586 1000 4639 firmatam
1029 4586 1110 4654 quasi
1133 4585 1311 4654 nugatoriam

165 4663 235 4717 ‘mei
254 4661 404 4717 similibus’
425 4661 560 4731 relinquit
579 4663 638 4732 ‘qui
659 4666 753 4719 taxare
773 4666 873 4720 sciant’
895 4666 1001 4734 (Herm.
1020 4665 1098 4718 XVII
1119 4685 1144 4734 p.
1156 4672 1206 4719 611
1228 4665 1312 4729 adn),

162 4743 328 4813 importuna
344 4740 464 4797 saevitia
481 4743 614 4812 abreptus
632 4743 755 4812 iniquius
770 4746 896 4814 sibiipsa
917 4763 1014 4799 sanum
1033 4746 1152 4813 abrogat
1171 4743 1311 4795 indiciam.

236 4822 277 4892 ’ἢ
299 4821 379 4876 Hanc
403 4823 569 4891 scripturam
594 4840 645 4893 per
668 4823 817 4879 Dombarti
839 4824 1049 4879 adnotationem
1074 4824 1159 4877 ctiam
1185 4822 1214 4874 in
1240 4839 1313 4876 nova

162 4903 288 4958 editione
306 4901 417 4955 Brixiae
437 4904 472 4956 ad
492 4922 517 4959 v.
539 4910 553 4956 1
573 4903 698 4971 retinnit,
722 4905 775 4958 etsi
793 4905 885 4974 ipsum
905 4923 1015 4959 versum
1040 4904 1095 4958 iam
1116 4919 1149 4955 ox
1168 4901 1311 4971 Spengelii

161 4982 327 5037 coniectura
344 4981 427 5036 alltcr
445 4981 597 5037 constituit.
