2948 5594
723 40 726 45 ¹
737 40 746 51 C

10 39 1176 427 ῌ

560 833 766 890 PRAEFATIO
1166 836 1232 894 XIII

83 994 119 1060 in
135 995 346 1080 inscriptione
361 1018 495 1062 scaenae
509 996 526 1061 Ι
541 997 561 1062 2
577 997 733 1063 librorum
744 998 849 1064 ΒΕ]
857 1021 1031 1065 consensus
1045 1001 1163 1087 firmat,
1177 1004 1232 1068 sed

81 1102 134 1166 bis
163 1102 279 1167 deinde
311 1103 423 1168 lorarii
451 1104 559 1168 verbis
591 1104 685 1186 plene
722 1106 932 1191 praescripsit
961 1106 1008 1189 B,
1041 1110 1139 1173 semel
1170 1109 1235 1174 Lol

83 1208 220 1288 addens,
247 1209 389 1293 itemque
416 1210 451 1274 in
481 1231 614 1275 scaenae
638 1209 670 1274 Π
695 1213 711 1276 1
745 1212 956 1294 inscriptione
984 1213 1058 1279 BE
1084 1213 1165 1299 (non
1187 1212 1232 1303 J)

83 1312 292 1402 praebent.*)
325 1314 413 1393 Quae
433 1339 507 1383 cum
530 1318 597 1381 iam
616 1317 781 1382 sufficiant
800 1319 840 1383 ad
860 1341 970 1383 casum
992 1322 1232 1406 excludendum,

82 1422 211 1487 accedit
233 1422 324 1488 locus
343 1422 439 1488 Gellii
456 1422 488 1488 X
510 1424 540 1507 3,
562 1425 611 1505 19,
635 1424 689 1488 ubi
713 1425 819 1508 prima
843 1427 928 1510 apud
951 1425 1122 1492 Hertzium
1146 1428 1229 1493 codi-

82 1549 156 1593 cum
179 1527 306 1593 familia
320 1526 451 1616 (QZB)
466 1531 571 1595 Ioloris'
594 1531 791 1614 scripturam
814 1531 954 1598 exhibet.
986 1532 1100 1618 Itaque
1120 1557 1230 1619 quam·

82 1635 132 1700 vis
160 1640 250 1700 ocrta
277 1635 321 1701 sit
344 1636 479 1702 torarim
508 1636 616 1702 iorma
644 1641 677 1701 et
703 1660 742 1702 ex
769 1637 915 1703 codicum
945 1642 1102 1706 memoria
1130 1644 1163 1706 et
1191 1664 1230 1706 ex

83 1741 352 1826 inscriptionibus
376 1743 572 1827 quibusdam
597 1749 686 1807 etex
706 1744 913 1828 etymologia,
937 1745 1009 1828 ipsa
1031 1751 1141 1811 tamen
1166 1751 1231 1831 ety-

81 1848 228 1934 mologia
251 1850 423 1935 quominus
447 1871 548 1914 sonus
576 1851 804 1914 immutaretur
827 1872 894 1916 non
923 1853 1029 1936 magis
1053 1853 1231 1937 impedivit,

81 1976 180 2039 quam
209 1956 241 2020 in
277 1953 447 2021 ‘caeruleo'
476 1979 495 2021 a
524 1954 637 2021 ‘eaelo’
671 1956 844 2022 deriuando
874 1963 906 2021 ct
934 1958 966 2021 in
996 1957 1183 2027 ‘Parilibus'
1211 1983 1231 2024 a

81 2060 182 2126 ‘Pale'
203 2062 308 2128 dictis
340 2062 429 2138 Quae
452 2063 526 2147 ipsa
550 2064 698 2146 exempla
720 2085 785 2127 una
809 2086 882 2128 cum
903 2063 1050 2148 ‘pluralis
1066 2102 1108 2113 -
1122 2068 1231 2151 siugu-

80 2167 447 2234 Iaris'terminationum
458 2169 680 2234 vicissitudine
696 2170 832 2253 aliisque
847 2167 1023 2256 formis**)
1040 2173 1079 2237 ud
1098 2196 1228 2238 caueam

80 2274 320 2340 immutationis
350 2276 520 2341 deducunt.
566 2275 674 2353 Quare
705 2277 835 2341 lotarius
864 2277 1002 2341 formam
1033 2285 1079 2358 ut¹
1097 2273 1228 2344 minime

81 2381 304 2447 contenderim
328 2384 369 2447 ab
393 2384 466 2466 ipso
490 2382 606 2448 Plauto
638 2382 821 2447 adhibitam
845 2405 915 2448 esse
939 2385 971 2448 in
995 2382 1154 2468 Captivis,
1180 2386 1230 2451 ita

82 2492 138 2552 sat
159 2489 294 2573 antiqua
317 2495 426 2554 aetate
450 2494 483 2555 et
506 2491 540 2553 in
563 2489 624 2553 hac
643 2489 754 2553 fabula
777 2495 810 2554 et
832 2489 935 2554 aliubi
957 2490 1074 2554 lectam
1098 2492 1228 2557 dictam-

82 2617 146 2679 que
177 2618 247 2661 esse
260 2600 382 2681 patet,
413 2595 498 2661 unde
529 2597 564 2660 in
595 2595 859 2661 adnotationibus
890 2596 1012 2662 diutius
1043 2598 1229 2664 delitescere

78 2702 183 2767 nolui.

173 2809 273 2875 Paulo
296 2809 400 2875 fusius
425 2811 518 2875 video
541 2809 580 2874 de
603 2810 711 2875 Alitis
733 2812 941 2893 Aleorumque
966 2812 1096 2875 nomine
1119 2812 1227 2896 dispu-

79 2915 216 2980 tandum
247 2938 317 2981 esse
347 2917 381 2981 in
412 2916 474 2981 hac
503 2916 614 2980 fabula
645 2916 815 3000 frequenti.
868 2916 960 2993 Quod
990 2939 1060 2981 cum
1090 2919 1167 2982 olim
1197 2924 1229 2983 et

80 3021 200 3086 Aulide
229 3027 326 3107 atque
355 3023 434 3090 adeo
463 3023 695 3088 Aulidensibus
724 3023 931 3106 interpolatis
960 3028 992 3088 et
1020 3024 1093 3088 aliis
1123 3029 1226 3089 muts-

78 3129 227 3193 tionibus
242 3130 393 3215 vitiisque
412 3131 618 3212 removerint,
634 3130 802 3194 Turnebus
822 3131 951 3194 demum
966 3130 1099 3194 Advers.
1115 3130 1227 3195 XXIII

79 3234 264 3321 24.0pp.1
286 3260 316 3322 p.
333 3238 384 3321 Il,
409 3238 450 3301 38
476 3234 521 3299 ‘et
542 3236 605 3300 fide
625 3236 781 3302 librorum
806 3240 952 3300 veterum
976 3241 1009 3301 ct
1033 3237 1226 3302 auctoritate

78 3365 190 3408 rerum
221 3342 390 3409 adductus'
422 3343 549 3407 Alidem
582 3346 615 3406 et
644 3343 736 3407 Alios
759 3339 899 3407 Aleosvc
930 3344 1126 3408 reducendos
1157 3367 1227 3408 esse

78 3450 327 3536 intellexit***).
360 3450 429 3515 lam
454 3472 530 3515 vero
555 3448 745 3534 Spengelius
765 3450 882 3515 Philol.
897 3449 1053 3515 XXXVII
1070 3453 1110 3533 (a.
1127 3448 1226 3535 1877)

78 3578 111 3639 p.
134 3556 201 3621 416
212 3579 259 3641 sq.
283 3558 437 3643 quoniam
465 3556 594 3640 saepius
618 3555 679 3619 hoc
703 3556 808 3640 ipsum
836 3578 955 3621 nomen
980 3580 1052 3622 cum
1077 3558 1167 3621 hiatu
1192 3559 1224 3620 in

77 3662 176 3726 libris
199 3664 327 3747 legitur,
351 3664 391 3728 ad
416 3663 631 3747 antiquiorem
656 3663 753 3727 etiam
781 3663 919 3727 formam
943 3664 1145 3729 dialecticam
1169 3686 1227 3747 per

78 3768 247 3853 digamma
276 3776 403 3834 auctam
437 3769 639 3853 provocavit:
673 3791 754 3853 quae
785 3791 857 3833 cum
888 3770 967 3834 locis
1000 3774 1128 3834 tantum
1160 3793 1225 3834 non

78 3876 231 3940 omnibus
250 3878 364 3961 reponi
383 3877 495 3961 possit,
519 3897 601 3959 quae
621 3875 848 3940 contradicunt
870 3875 1017 3958 exempla
1036 3875 1226 3960 corrigenda

77 4002 151 4045 esse
179 3981 276 4046 duxit.
323 3984 430 4069 Atque
458 3983 621 4069 persuasit
644 3979 836 4065 Spengelius
869 3983 994 4046 duobus
1023 3983 1101 4044 viris
1132 3981 1225 4045 Plau-

79 4107 294 4116 ——.—.--—

152 4156 180 4227 *)
198 4155 302 4212 Contra
319 4159 349 4212 in
363 4175 481 4213 scaenae
494 4157 533 4210 111
548 4161 564 4210 ὁ
583 4155 766 4224 inscriptione
786 4155 871 4210 ctiam
881 4156 945 4210 ΒΕ
958 4154 1064 4209 habeut
1077 4153 1224 4208 LORARII

76 4252 172 4305 neque
182 4236 294 4293 diversa
303 4241 347 4294 est
356 4237 491 4293 memoria
501 4253 663 4292 scaenarum
673 4235 731 4290 Mil.
743 4233 807 4304 glV
818 4243 841 4303 1,
852 4235 923 4290 Men.
934 4234 959 4287 V
970 4241 994 4301 ⁵1,
1007 4233 1115 4289 Mostv
1126 4232 1156 4288 1b
1165 4236 1224 4304 (A),

78 4316 181 4371 Pseud.
198 4317 209 4369 l
224 4318 297 4373 2vel
315 4319 344 4373 in
363 4319 492 4374 Rudente
511 4316 569 4388 (ubi
588 4318 683 4370 tamen
702 4317 729 4368 B
748 4318 824 4369 caret
843 4315 954 4370 omnino
973 4313 1223 4384 inscriptionibus),

152 4396 195 4468 *')
213 4399 315 4455 Nescio
334 4418 370 4454 an
387 4401 423 4453 ab
443 4398 542 4454 eadem
565 4397 674 4453 ratione
692 4396 819 4464 profecta
838 4397 875 4449 sit
895 4396 1048 4450 formarum
1068 4396 1225 4464 ‘puerarius

78 4509 113 4519 -
133 4477 299 4547 puellarius’
315 4478 489 4544 vicissitudo,
509 4478 544 4531 de
563 4476 663 4545 quibus
683 4476 716 4531 ct.
737 4476 861 4530 Havetus
879 4476 907 4529 iu
923 4475 1079 4531 Woelfflini
1097 4476 1225 4530 Archiol

76 4564 183 4628 ples:
203 4557 233 4610 in
251 4559 350 4613 eodem
361 4558 463 4614 Archio
483 4557 520 4611 Ill
540 4576 565 4626 p.
577 4562 629 4610 540
648 4559 725 4609 recte
744 4557 853 4610 monuit
871 4557 1072 4610 Thielmannus
1091 4574 1146 4611 non
1165 4558 1224 4609 siue

76 4636 305 4692 dissimilatiouis
329 4639 422 4694 studio
446 4637 477 4691 in
500 4656 515 4691 r
539 4637 642 4691 litteris
668 4637 807 4706 syllabam
826 4636 1056 4691 concludentibus
1076 4636 1247 4717 conspicuo·

75 4718 196 4787 vulgum
215 4735 249 4772 ex
269 4718 439 4774 ‘meretrice'
460 4717 583 4773 effecisse
604 4715 840 4785 ‘mene(t>ricem'.

152 4796 208 4865 ”l
228 4797 297 4853 Post
315 4816 397 4870 quem
417 4795 583 4852 Gulielmius
604 4796 716 4862 Quaest.
736 4798 765 4850 in
779 4796 858 4866 Capt.
870 4814 895 4865 p.
908 4803 959 4851 356
979 4797 1083 4849 formae
1101 4792 1158 4846 Alis
1172 4811 1223 4863 pro

74 4876 139 4930 Elis
152 4877 264 4944 positae
278 4894 334 4931 non
352 4877 438 4932 aliam
459 4894 519 4931 esse
539 4892 651 4931 causam
672 4877 791 4931 credidit
809 4895 891 4945 quam
909 4876 988 4929 Alias
1003 4875 1114 4941 dieique
1129 4873 1222 4927 Alien-

73 4958 115 5013 sis
136 4955 364 5013 similitudineml
