2948 5594
179 319 242 383 168
658 319 845 376 APPENDIX
1182 330 1321 380 890-916

266 485 325 533 899.
346 479 427 532 Enim
446 479 503 534 iam
518 478 607 548 magis
621 480 786 550 adpropero,
806 482 896 552 magis
910 481 966 535 iam
981 484 1043 552 (dcl.
1058 485 1108 539 alt.
1122 482 1192 554 iam)
1206 485 1320 541 Botlriur

176 565 201 613 ct
223 559 365 614 Lomaaus
393 565 468 629 (post
495 561 599 614 irruere
627 563 730 614 ercitum
758 578 781 616 o.
808 564 891 618 troci.
919 565 1095 631 desiderans).
1133 564 1216 619 Enim
1240 582 1321 633 quum

176 641 266 711 magis
285 642 450 710 adpropero,
471 645 528 695 tam
548 641 638 710 magia
656 640 713 695 iam
733 642 884 697 Muellerus
903 643 1321 715 Pros.p.114sq.ada,212.

175 721 257 774 Enim
277 721 333 774 iam
352 721 468 789 crucior,
487 720 576 790 magis
596 721 653 774 iam
672 723 836 792 adpropero,
856 724 945 792 magis
964 724 1021 779 iam
1040 724 1215 794 Speupeliuu.

265 807 325 856 899.
345 800 398 856 fori
413 802 555 870 pessulum
570 802 645 856 obdo
659 801 815 858 Lambinus
828 805 860 858 iu
873 805 938 862 adu.
966 805 1040 859 obdo
1054 805 1145 878 forem
1163 805 1321 874 Geppertas.

174 881 262 936 forem
290 881 389 936 obsera
419 882 570 936 Muellerus
597 883 614 935 l.
633 898 654 936 s.
673 899 695 937 s.
732 884 774 950 Of.
803 883 946 938 Abraham
973 884 1053 939 Stud.
1082 885 1128 938 Pl.
1150 901 1182 953 p.
1205 888 1270 940 241.
1289 917 1321 926 -

175 978 211 1015 ue
239 961 379 1032 opprimat
407 979 450 1016 me
477 961 601 1018 Guietas.
637 980 672 1017 ue
698 979 742 1016 me
772 965 914 1033 opprimet
937 964 1063 1028 Botlrius.
1102 981 1138 1018 ne
1168 981 1252 1020 senex
1278 982 1321 1020 me

176 1045 317 1112 opprimat
338 1043 497 1113 Geppcrtus.

265 1129 325 1177 894.
351 1126 392 1190 Of.
416 1126 453 1178 ad
475 1128 634 1178 11880.-
655 1123 711 1177 Mu.
731 1141 852 1192 praesa.
877 1124 1046 1189 Saracenis,
1068 1125 1135 1179 dciu
1158 1125 1320 1195 Myrrhina

172 1204 294 1272 priorem
307 1220 401 1258 corsus
415 1210 532 1272 partem,
553 1203 718 1258 (licostratos
727 1207 903 1273 posteriorem
916 1221 978 1259 eum
992 1203 1155 1258 Ganwrario
1169 1207 1321 1260 tribuerunt

175 1300 273 1349 omues,
291 1285 364 1337 aride
381 1285 437 1337 iam
457 1283 622 1339 Cleostratus
640 1287 732 1352 sactae
749 1289 814 1338 aaut
829 1290 924 1352 partes
937 1301 990 1352 per·
1006 1285 1080 1338 aare
1097 1300 1237 1354 sewum,
1254 1303 1320 1355 quae

175 1366 293 1418 ascidae
315 1381 369 1419 esse
392 1366 506 1419 debcant
527 1371 552 1419 et
574 1381 608 1419 ex
630 1367 750 1419 vasibus
769 1369 823 1418 s71
834 1380 889 1434 sqq.
912 1369 937 1418 ct
959 1381 992 1419 ex
1015 1366 1079 1433 ipsa
1103 1381 1133 1419 re
1158 1368 1318 1435 rationeque.

174 1445 265 1514 Atque
292 1447 359 1500 adeo
386 1447 418 1498 tu
445 1443 493 1498 adi
520 1445 606 1512 huuc,
635 1444 793 1499 Cleostrata
819 1460 871 1497 scr.
896 1443 1013 1498 Guietus
1040 1461 1091 1498 om.
1119 1446 1236 1499 obsecro
1259 1463 1316 1500 cum

175 1525 331 1580 Oanururio
354 1527 396 1595 (tu
419 1527 469 1581 dcl.
491 1524 661 1594 Geppertus).
680 1557 714 1567 -
733 1527 783 1578 tua
805 1527 894 1592 nupta
917 1523 995 1578 ubist
1014 1527 1075 1593 (om.
1096 1531 1188 1595 noua)
1206 1526 1316 1596 δρωμ-

172 1605 226 1658 lius
244 1624 278 1659 ea
296 1608 370 1671 falsa
388 1607 573 1673 discriptione.
613 1605 653 1672 01.
674 1606 730 1659 Leo
749 1604 823 1658 Mus.
843 1604 929 1658 Iidem
951 1604 1009 1657 XL
1023 1622 1053 1673 p.
1077 1610 1139 1660 178.

261 1691 321 1740 896.
346 1702 390 1738 res
413 1687 474 1751 (dcl.
499 1687 553 1755 est)
578 1685 731 1754 Geppertus
754 1686 886 1739 laudante
911 1685 1008 1739 Olseuo
1028 1702 1059 1753 p.
1086 1689 1130 1739 91.
1152 1716 1184 1725 -
1211 1703 1315 1741 omnem

171 1765 296 1818 ordinem
316 1767 378 1833 (del.
396 1767 466 1835 rem)
487 1766 651 1820 I'almerius.
685 1781 848 1819 omnemex
868 1765 1043 1818 ordinarem
1063 1766 1193 1820 Bothius.
1227 1767 1313 1820 ordine

171 1861 280 1900 omnem
300 1862 359 1899 rem
378 1846 545 1917 Spcupciias.

260 1933 311 1981 896
321 1943 375 1996 sqq.
401 1927 526 1979 Faterier
545 1928 698 1994 aequomst.
719 1925 892 1997 (eloquere)
911 1926 1026 1980 Gaietas
1046 1929 1122 1981 iuter
1142 1928 1217 1982 alius
1236 1935 1313 1981 muto

171 2007 266 2061 tiaras.
283 2039 312 2045 -
331 2008 396 2075 quid
416 2009 492 2060 intus
511 2006 620 2074 geritur
639 2007 798 2075 Speapclr‘as
817 2009 891 2070 (raca
910 2006 992 2080 (ita)
1011 2010 1043 2060 ut
1062 2013 1088 2061 ct
1107 2007 1181 2061 Dice
1197 2025 1249 2077 pro
1263 2012 1313 2077 nge

170 2103 249 2153 corr„
264 2089 312 2140 ubi
327 2090 358 2140 ut
371 2086 445 2159 <tu>
459 2092 483 2139 ct
498 2086 567 2155 Age,
586 2103 638 2155 age
654 2090 725 2140 iuter
739 2088 798 2140 alia
815 2088 987 2156 Geppertus).
1015 2089 1060 2142 Ab
1077 2087 1208 2143 Memora
1227 2089 1314 2143 ordine

170 2183 268 2221 novam
286 2185 414 2222 scaenam
432 2168 602 2234 incipiebant
620 2168 659 2222 ed.
679 2173 728 2222 oet.

261 2252 312 2300 999
322 2265 375 2316 sqq.
397 2248 457 2312 Qua
476 2245 676 2314 indehibuisti‚
700 2246 763 2301 inde
783 2246 914 2316 Scaliper.
952 2247 1069 2312 Quando
1089 2249 1233 2317 habuisti,
1255 2248 1312 2302 hinc

171 2327 199 2380 te
219 2327 334 2396 Lipsiae
353 2328 430 2396 (hinc
448 2332 477 2381 te
496 2345 557 2382 cum
570 2328 719 2395 Lambirio)
737 2329 859 2395 itemque,
878 2328 925 2382 sed
943 2328 1007 2381 iude
1024 2329 1195 2383 Palrmrius.
1210 2361 1242 2368 -
1255 2330 1312 2382 hinc

169 2407 234 2459 uolo
248 2423 403 2462 memorare
417 2408 454 2474 te,
470 2410 501 2459 nt
516 2408 680 2460 estfactum
694 2407 812 2461 Bothum
826 2410 850 2476 (e
867 2408 977 2477 Guelfi).
1006 2409 1072 2462 hino
1087 2410 1156 2463 uolo
1172 2408 1310 2463 memorari

169 2486 238 2554 quid
266 2489 303 2545 sit
330 2487 435 2542 fastum
462 2488 622 2556 chpcrtus.
661 2486 726 2540 hinc
753 2486 818 2540 uolo
847 2489 899 2556 (ecl
925 2487 990 2540 inde
1019 2489 1078 2556 ulo)
1103 2505 1259 2544 memorare
1279 2496 1312 2554 te,

170 2567 237 2634 quid
260 2569 395 2622 factumst
415 2569 551 2622 Bcclcrus
569 2571 600 2621 ia
620 2569 739 2621 Studcm.
760 2567 838 2621 stuc.
859 2569 879 2619 Ι
891 2586 921 2637 p.
942 2574 1002 2622 150.
1040 2567 1108 2622 inde
1128 2572 1196 2625 uolo
1214 2576 1242 2625 te
1260 2586 1309 2623 me·

170 2664 278 2700 morare
303 2649 371 2716 quid
396 2648 564 2702 estfactum
588 2649 742 2717 Vssiaqius.
763 2678 794 2685 —
816 2646 929 2718 (Nam)
949 2647 1120 2717 flagitiumst
1139 2652 1257 2704 Botlrius
1273 2651 1312 2718 (ex

170 2730 301 2796 dionae).
326 2759 359 2768 -
387 2729 466 2801 (At)
496 2730 636 2783 cauebant
666 2728 808 2795 l'ssiuqius
836 2730 867 2779 iu
895 2730 958 2781 adm.
987 2726 1153 2801 <Posthuc>
1181 2732 1313 2783 cauebant

169 2810 263 2879 (hoc)
290 2814 448 2878 (lipparim,
468 2841 501 2848 —
521 2811 626 2882 (oum)
650 2809 757 2861 faciunt
776 2808 939 2861 Saracenas.
977 2808 1087 2880 (quin)
1111 2809 1220 2863 faciant
1240 2811 1311 2862 Pira.

170 2891 220 2943 On.
249 2892 351 2944 faciam
380 2892 540 2944 Lambinus.
579 2891 682 2943 facium
707 2889 853 2959 Scioppius
878 2893 958 2957 ὅπερ.
984 2891 1040 2942 icet.
1067 2891 1086 2940 I
1107 2896 1151 2943 11.
1172 2922 1204 2929 -
1228 2891 1311 2961 <Con-

170 2971 264 3042 sesso>
284 2973 336 3025 hoc
356 2972 460 3025 maiust
480 2973 632 3040 chpertas
650 2970 750 3036 (maius
771 2972 931 3038 autema).
963 2968 1004 3021 Oh
1024 2985 1159 3037 magnam
1180 2972 1227 3023 [fn.
1250 2971 1310 3022 Vah.

170 3050 220 3101 On.
248 3051 348 3103 rimam
373 3054 536 3106 Palmarius.
556 3083 588 3090 -
614 3051 718 3104 Perdis.
748 3051 805 3106 Mv.
832 3053 904 3116 Quin
928 3051 1091 3104 Saracenas.
1130 3051 1190 3105 Mv.
1216 3052 1309 3111 Perdis,

169 3130 235 3196 quin
260 3132 341 3197 Pius,
369 3151 431 3186 maa
460 3132 507 3185 ubi
537 3134 585 3184 ubi
611 3135 737 3200 sumptus
761 3135 857 3200 portus
881 3138 1014 3199 tcrrrptans
1038 3137 1063 3184 rt
1087 3134 1221 3185 continno
1243 3133 1309 3185 iusto

168 3211 266 3264 stricto
290 3213 400 3280 gladio:
425 3216 486 3265 atat
508 3213 644 3265 maiorem
667 3214 778 3266 inuenio
798 3215 969 3277 desideraris,
988 3213 1061 3264 uude
1079 3215 1215 3280 qrrucdum
1234 3214 1308 3266 Lam·

168 3292 262 3357 birrus,
284 3294 448 3359 Paimcrius,
474 3296 590 3347 Guietus
609 3295 792 3347 adhibuerunt
813 3293 870 3359 (ubi
890 3294 967 3346 locus
986 3292 1098 3344 umidus
1118 3295 1184 3346 aiii:
1203 3295 1237 3359 cs.
1256 3295 1309 3346 lla-

167 3375 277 3426 rantius
295 3374 358 3428 l'ar.
379 3377 435 3429 lect.
455 3377 494 3427 ΙΙ
507 3379 549 3428 11.
588 3373 636 3426 ubi
656 3375 733 3427 lucus
753 3375 862 3428 umidus
884 3374 1058 3441 Pairucrius).
1088 3373 1151 3427 Alii
1170 3376 1235 3429 alia.
1273 3374 1308 3439 Gi.

168 3452 314 3507 liiclrteras
335 3458 366 3509 iu
386 3458 506 3510 Sturlcm.
527 3456 606 3508 scut
629 3457 648 3506 l
662 3472 691 3522 p.
711 3460 766 3510 129
786 3462 810 3508 ei
829 3457 890 3508 vide
904 3456 996 3523 praef.

256 3540 306 3588 907
318 3553 371 3604 sqq.
392 3535 545 3603 Flagitium
566 3537 648 3588 initio
666 3538 755 3603 suppl.
772 3537 934 3600 Lambinus,
955 3536 1087 3602 Magnum
1103 3536 1217 3589 Parrus.
1245 3536 1308 3588 Mox

167 3613 298 3666 Gladium
319 3633 352 3667 ne
372 3616 490 3670 haberat
508 3617 598 3686 Lamp.
619 3616 749 3668 Gladium
770 3616 940 3669 haberetne
960 3633 994 3668 an
1014 3617 1176 3668 columnam
1198 3617 1308 3668 Bothius

166 3695 233 3747 duce
258 3695 347 3761 Gucls.
391 3698 466 3750 Ilciu
490 3701 585 3765 occepi
609 3713 742 3764 quaerere
767 3701 802 3765 (et
827 3696 949 3765 euplum)
974 3695 1097 3764 Scaiiper
1120 3698 1160 3749 ud
1185 3697 1307 3764 Priapes.

169 3774 217 3826 Cn.
237 3775 304 3828 ldno
324 3794 457 3842 quaerore
477 3781 627 3846 occepisti?
648 3781 799 3847 chpcrtus
818 3779 889 3831 inter
908 3777 974 3829 ulia,

256 3862 307 3906 919
322 3874 376 3924 sqq.
400 3858 429 3911 id
453 3861 527 3911 essct
551 3856 680 3925 [rigidius
700 3860 867 3919 Lambinus,
891 3860 965 3910 esset
986 3855 1014 3907 id
1036 3855 1171 3925 frigidius
1192 3858 1307 3912 Greirtua

168 3932 295 3998 frigidius
315 3941 387 3988 essct
405 3937 556 4005 Gepqrcrtus
574 3937 715 4005 (frigidius
731 3958 743 3992 c
757 3939 867 4006 Lamp).
885 3970 913 3976 —
932 3937 1056 4004 Loquere
1072 3937 1218 3991 lanatarius
1232 3939 1247 3990 1.
1261 3952 1308 3989 ss.

167 4043 200 4050 —
216 4014 330 4067 memini
350 4016 428 4069 radix
443 4017 559 4084 Lipsius
573 4035 586 4070 e
601 4018 688 4071 Vatia.
704 4050 738 4058 —
755 4019 797 4084 Cf.
813 4020 947 4071 Bactrius
962 4019 977 4070 l.
993 4034 1013 4070 s.
1029 4034 1049 4071 s.
1068 4035 1096 4085 p.
1115 4023 1168 4071 147
1187 4024 1210 4071 ct
1224 4017 1307 4086 praef.

219 4096 266 4148 Aa
288 4113 311 4149 s.
332 4102 383 4148 913
404 4098 463 4164 (alu
486 4115 637 4165 numquam
658 4099 812 4167 quidquam
831 4101 948 4153 Boiliius
967 4099 992 4168 [c
1011 4098 1125 4168 Lamp}
1164 4114 1307 4167 numquam

166 4192 319 4243 quaquam:
344 4195 408 4230 nam
435 4179 597 4246 chperias)
620 4182 655 4247 cf.
683 4183 773 4236 11111113
793 4184 866 4235 Aua.
885 4182 952 4248 phil.
974 4179 1087 4233 CXIII
1101 4198 1131 4249 p.
1154 4186 1306 4248 53811.-

170 4254 201 4306 V.
223 4261 274 4308 919
295 4257 355 4323 (abi
373 4259 513 4324 uegrande
539 4258 631 4325 Valla)
647 4269 710 4330 post
728 4282 751 4318 u.
773 4268 823 4316 999
843 4264 907 4315 irai.
929 4262 1053 4315 Guirtus.

254 4341 305 4390 916
320 4354 373 4406 sqq.
407 4337 459 4390 Vbi
483 4340 595 4408 appello
620 4341 763 4411 Casinam,
788 4345 902 4412 inquam
922 4343 1091 4408 Saracenas,
1116 4344 1245 4412 itemque,
1266 4342 1307 4395 sed

163 4412 292 4470 Casinam
323 4420 445 4476 ‘Casina'
471 4422 633 4478 Lambinus.
670 4422 713 4477 Ibi
741 4424 853 4494 appello
880 4421 1016 4488 ‘Casina’,
1045 4422 1161 4490 iuquam
1185 4426 1306 4479 Botlrius.
