2948 5594
169 312 208 373 10
667 306 799 362 PLAV'l'l

666 468 806 522 Srnrnrna

165 551 249 616 Nam
273 556 337 636 quei
361 574 412 615 me
439 574 524 616 nuno
547 574 645 616 eausa
668 550 833 615 extrusisti
857 572 896 615 ex
920 549 1076 615 ae'dibus‘?

684 671 785 726 Evcnro

163 756 238 820 Tibi
263 758 322 840 egd
347 756 506 819 rationem
528 754 674 838 reddam,
698 755 905 819 stimulorum
928 754 1042 838 seges?
1271 772 1302 818 aa

163 863 244 927 Illae
267 863 377 927 recede
401 861 442 925 ab
466 862 566 925 ostio:
589 861 666 926 illue
690 858 735 926 sis
758 860 846 944 uide,

163 967 210 1031 Vt
232 966 360 1032 incedit.
397 971 432 1031 at
455 968 525 1032 sein
549 969 612 1050 qud
636 967 732 1032 modo
754 967 818 1032 tibi
842 960 893 1031 res
917 966 1096 1031 sehabet?

163 1074 197 1138 Si
220 1072 327 1139 hercle
350 1073 445 1138 hodie
469 1076 589 1138 fustem
612 1075 725 1157 cepero
750 1077 806 1137 aut
829 1072 996 1137 stimulum
1019 1070 1055 1137 in
1078 1096 1225 1157 manum,

164 1178 394 1245 Testudineum
418 1181 517 1245 istum
540 1179 604 1244 u‘bi
628 1201 687 1265 ego
712 1180 870 1265 grandibo
894 1179 1040 1265 gradum.

663 1293 803 1346 Sarrum

163 1373 300 1440 Vtinam
323 1399 374 1441 me
397 1376 465 1441 diui
488 1376 622 1440 adaxint
645 1374 685 1440 ad
708 1374 916 1459 suspendium

164 1480 278 1546 Potius
302 1483 430 1566 quidem
455 1505 552 1567 quam
574 1482 635 1547 hoe
658 1481 755 1566 paeto
780 1481 863 1565 apud
887 1486 920 1547 te
944 1483 1092 1547 seruiam.

682 1592 784 1647 Evcmo

165 1673 209 1738 At
231 1681 268 1741 rit
291 1677 429 1743 eoeleste
452 1679 523 1742 sola
546 1699 654 1742 seeum
677 1680 865 1742 murmurat.

233 1821 275 1870 45.
296 1817 407 1872 Nouius
421 1835 451 1887 p.
471 1822 541 1884 381,
566 1822 613 1871 10:
641 1814 807 1884 Reddere,
826 1832 964 1886 exponere
983 1819 1013 1871 et
1031 1818 1106 1874 dure.
1145 1820 1259 1879 l’luutua
1275 1818 1300 1873 iu

162 1893 320 1965 Arrlularia:
352 1897 446 1952 ‘Tibi
467 1938 578 1951 .....
599 1895 712 1966 aegee’
739 1894 780 1962 Of.
805 1900 874 1963 395,
902 1902 954 1953 2οε
981 1896 1084 1967 Segea
1108 1900 1152 1953 eat
1175 1899 1299 1955 frumenti

162 1974 268 2029 fruetus
288 2018 509 2034 .........
528 1977 644 2030 Plautus
663 1973 820 2029 Aulularia:
842 1973 936 2028 ‘Tibi
955 2014 1069 2030 .....
1089 1977 1205 2046 aegea'
1220 1976 1248 2031 id
1261 1979 1299 2031 eut

162 2070 218 2123 qua
244 2055 351 2109 stimuli
376 2057 430 2111 seri
454 2059 507 2125 (ita
531 2057 720 2111 Puaaerutiua:
748 2053 819 2123 eripi
842 2054 920 2121 libri)
941 2057 1060 2124 possunt
1132 2056 1245 2113 Serum
1264 2058 1299 2112 ud

162 2134 231 2189 Aera
257 2135 318 2188 ΙΙΙ
339 2141 390 2191 46:
415 2138 546 2192 Telorum
566 2153 678 2205 aegea,
702 2133 862 2188 multitudo.
899 2132 1016 2190 Plantae
1033 2134 1196 2191 Aululariaz
1221 2134 1299 2191 ‘sti-

163 2214 328 2269 mulorum
351 2217 464 2285 aegea'
538 2222 581 2271 49.
606 2215 716 2269 Nouius
730 2231 760 2283 p.
781 2218 848 2280 115,
869 2219 900 2267 1.·
923 2212 1090 2271 Grandire
1109 2218 1154 2271 eat
1172 2218 1298 2287 g1·andem

162 2293 254 2348 lacere
273 2336 386 2351 .....
406 2295 521 2352 Plautus
540 2294 699 2350 Aulularia:
730 2292 993 2348 ‘Testudineum
1012 2336 1126 2352 .....
1145 2296 1322 2366 gradnm'·

234 2379 275 2427 50.
305 2373 415 2430 Nouiru
438 2394 468 2445 p.
498 2381 548 2443 75,
581 2380 612 2430 3:
644 2373 808 2440 adaxint,
840 2374 965 2444 adigunt
1001 2373 1116 2430 Pluutua
1148 2376 1299 2431 Aulularia:

164 2451 316 2507 ‘Vtinam
335 2497 430 2510 .....
451 2454 686 2525 suspendium'
744 2451 844 2508 Festus
865 2453 951 2509 Pauli
964 2455 1301 2523 p.2a,11.·Adnxint=

163 2533 309 2602 adegerint
384 2536 519 2590 Osberuua
542 2553 572 2605 p.
601 2538 654 2590 27.-
685 2535 783 2603 Augeo
808 2534 985 2603 componitur
1002 2534 1131 2605 udaugeo
1147 2577 1154 2589 .
1169 2580 1199 2592 ..
1234 2534 1300 2590 unde

51 2686 56 2694 .
161 2612 278 2668 Plautus
296 2614 326 2669 in
344 2616 471 2670 dalaria:
500 2616 653 2670 ‘Vtinam
673 2651 785 2668 .....
805 2614 1042 2683 suspendium'
1068 2617 1205 2685 021249

192 2717 375 2727 --——

232 2764 275 2810 44.
294 2776 367 2813 niano
383 2763 412 2826 (n
426 2775 446 2812 s.
461 2768 498 2824 a.)
509 2758 539 2810 D
591 2758 664 2810 Nam
675 2772 719 2811 me
729 2773 785 2824 qua
795 2772 878 2810 eausa
888 2756 925 2822 B,
939 2756 1012 2811 uude
1022 2757 1127 2811 cunrad
1138 2756 1297 2813 Riteduliru

162 2836 231 2892 Nor.
242 2854 298 2892 eure.
311 2839 355 2893 Pl.
361 2856 392 2908 p.
404 2844 451 2905 72,
461 2840 532 2907 quod
546 2840 603 2907 ipse
612 2837 704 2891 reiecit
712 2853 742 2905 1).
756 2840 818 2890 129.
848 2835 920 2890 Nam
934 2852 990 2904 qua
1003 2853 1048 2890 me
1059 2853 1143 2891 causa
1153 2837 1298 2909 Largiuni.

162 2916 234 2969 Nam
262 2935 317 2984 qua
344 2936 417 2973 nune
444 2935 529 2972 cauea
557 2918 589 2971 Z.
636 2932 691 2986 qua
717 2932 791 2969 nune
818 2932 903 2970 cauae
929 2932 974 2970 me
1002 2916 1121 2988 Pyladea
1148 2925 1173 2973 et
1200 2919 1298 2986 namu

163 3013 280 3051 rrrurruus
302 2997 346 3052 De
370 2998 448 3052 ‘Eu'
469 3015 498 3067 p.
520 3004 545 3052 9.
582 2998 656 3051 Num
681 3003 804 3064 qua'me
828 3012 912 3050 eausa
934 2995 961 3049 ui
983 2997 1137 3052 Muellerus
1161 2998 1240 3053 Pron
1259 2998 1298 3051 Pl

157 3095 187 3145 p.
218 3081 279 3131 481.
318 3078 390 3133 Nam
421 3096 475 3145 qua
502 3095 547 3132 me
575 3095 660 3131 cutura
687 3076 752 3130 hino
781 3075 937 3143 Geppertus.
975 3074 1048 3129 Nam
1075 3092 1121 3130 me
1149 3092 1206 3145 qua
1232 3091 1297 3130 nnnc

162 3173 245 3210 causa
269 3157 442 3212 Carmo-rius
531 3174 564 3212 ex
589 3155 704 3212 aedibus
726 3156 762 3209 B.
799 3154 844 3208 hia
868 3154 999 3209 exedibus
1022 3154 1081 3210 ΕΙ.
1124 3157 1243 3213 aedibus
1265 3157 1297 3211 D.

161 3236 204 3288 bis
228 3237 343 3292 aedibus
365 3238 396 3291 F
483 3245 525 3292 45.
549 3237 612 3291 Tibi
636 3237 710 3290 enim
734 3235 770 3295 11.
809 3235 872 3289 Tibi
895 3250 967 3304 egon
991 3234 1159 3306 Wuguerua,
1182 3243 1250 3292 recte
1270 3242 1298 3291 ut

162 3316 214 3369 rid.
250 3318 415 3386 strationem
433 3319 469 3372 B.
507 3317 648 3372 racionem
667 3317 690 3369 J
758 3320 801 3369 46.
820 3314 890 3368 Illuc
910 3319 975 3381 (ras.
995 3330 1015 3370 e.
1036 3326 1087 3381 ue)
1105 3316 1135 3369 D
1207 3316 1297 3372 recede

161 3413 215 3465 (¹90.
252 3397 366 3465 regrede
385 3397 487 3451 BDE.
525 3397 670 3466 regredere
689 3393 820 3449 JE³FZ
889 3393 1017 3449 abhostio
1042 3394 1099 3449 Ε]
1158 3394 1203 3451 De
1221 3397 1297 3449 inter·

157 3478 301 3546 porrigendi
315 3479 421 3533 ratione
434 3480 468 3546 es.
480 3483 590 3547 praeter
603 3478 673 3531 ulios
683 3475 829 3546 Seyffertua
842 3473 915 3527 Phil.
930 3474 980 3528 ool.
990 3478 1030 3529 27
1045 3478 1082 3541 (a.
1101 3478 1189 3537 1863)
1195 3491 1225 3543 p.
1236 3478 1299 3529 432.-

161 3561 328 3613 eontrarium
341 3560 438 3625 ustio:
457 3558 537 3611 illac:
552 3557 590 3611 sie
605 3556 680 3621 uide)
696 3557 749 3621 def.
767 3552 938 3621 Grelielruiua,
954 3554 1101 3609 Goellerue.
1130 3554 1219 3609 aetio:
1237 3552 1299 3607 illue

161 3637 209 3691 sis:
226 3639 390 3707 ll'ugarrua¹
446 3639 510 3692 uide
520 3639 549 3691 ut
559 3637 585 3689 Z
593 3643 617 3690 et
627 3637 776 3690 editionum
785 3635 931 3703 pleraeque
955 3642 958 3647 '
985 3639 1028 3688 47.
1041 3632 1080 3687 Vt
1093 3634 1300 3689 ceditBatlriua:

161 3719 195 3782 cf.
220 3736 242 3771 a.
267 3723 304 3771 4ο·
376 3723 407 3773 at
430 3720 489 3773 sein
512 3715 652 3786 quomodo
679 3715 770 3768 ΒΜ.
797 3712 1028 3782 atacinquonrodo
1046 3712 1076 3766 D
1149 3732 1193 3769 ree
1211 3730 1299 3769 eaeor

160 3796 202 3847 Eu
292 3805 334 3850 48.
358 3799 451 3853 hercle
475 3798 558 3852 hodie
582 3796 786 3851 Studeruruulus
809 3795 888 3848 Strui.
912 3795 962 3848 eol.
984 3799 999 3847 1
1020 3810 1050 3862 p.
1070 3798 1138 3849 289.
1159 3793 1302 3849 Mueumu

162 3876 234 3929 ΛΜ.
250 3878 287 3929 ud
303 3878 381 3931 Proe.
396 3879 440 3932 Pl.
451 3896 481 3947 p.
498 3884 558 3933 119.
596 3874 680 3929 hodie
698 3881 734 3940 (et
752 3873 845 3927 hercle
864 3890 884 3926 s.
899 3890 922 3926 u.
938 3891 971 3928 m.
987 3878 1020 3940 2)
1037 3873 1073 3926 Β.
1110 3872 1197 3929 hodie
1215 3873 1301 3929 hercle

163 3956 178 4006 I
182 3962 190 3999 l
201 3956 250 4006 1231
255 3954 314 4006 ΓΖ
317 3997 326 4021 ,
341 3958 398 4010 uisi
410 3960 482 4026 quod
498 3958 580 4012 hodie
595 3972 623 4023 (e
637 3955 706 4008 riarde
715 3953 845 4020 seriptum
855 3953 990 4020 eupu-uuit
1000 3957 1053 4006 eta.
1064 3969 1089 4005 v.
1100 3968 1115 4006 e
1125 3952 1205 4021 add.)
1213 3952 1301 4007 hercle

162 4032 199 4085 l).
227 4034 319 4088 hercle
334 4036 478 4107 lanuuium?
532 4053 631 4108 cepero
645 4033 735 4087 BDJ
786 4032 928 4084 inmanem
940 4031 996 4086 Ε]
1046 4036 1089 4084 42.
1105 4030 1300 4087 Testudineam

161 4131 194 4167 ex
213 4114 414 4168 'lentitudinem
435 4123 465 4170 ut
484 4118 537 4170 rid.
557 4118 592 4170 B.
630 4112 809 4168 Testudinem
828 4112 863 4164 E.
901 4110 1124 4165 TestodinemJ
1183 4108 1300 4181 egotibi

162 4194 201 4246 rel
224 4211 276 4261 ego
301 4195 354 4247 tibi
377 4195 462 4248 iatum
483 4196 627 4249 Mulrlerus
650 4194 682 4246 de
701 4210 774 4261 prou
802 4192 859 4244 coll.
875 4208 905 4259 p.
925 4194 963 4246 24
1036 4189 1156 4260 grandibo
1176 4188 1299 4245 BDEJ.

161 4275 298 4339 grundiuo
319 4275 384 4327 libri
398 4274 471 4328 Nou.
527 4282 569 4327 50.
589 4273 628 4327 dii
645 4274 780 4326 (laberuus
834 4270 969 4324 adunxint
983 4271 1027 4325 lib.
1044 4270 1142 4326 Nouii.
1172 4270 1301 4327 adamat

163 4356 201 4405 rel
228 4354 393 4408 adauxerint
424 4354 566 4408 Osberuus.
609 4352 734 4404 adueniat
760 4350 797 4403 Z:
829 4368 896 4405 eorr.
926 4351 995 4405 Pius
1088 4350 1126 4407 ad
1155 4350 1300 4423 suspendia

159 4433 201 4489 (iu
220 4451 253 4488 eu·
272 4441 301 4502 u)
319 4434 354 4486 B.
392 4432 648 4503 adauspuudinrnd
720 4438 761 4484 bl.
781 4433 850 4500 :aput
868 4431 888 4483 ‚J
955 4438 998 4485 52.
1017 4430 1124 4487 Atoru.
1146 4432 1179 4487 Z.
1215 4427 1301 4485 AnF
