2948 5594
226 337 269 399 56
730 337 866 393 PuanI

227 500 323 563 Peter
346 488 472 563 curabit
494 503 559 563 uino
584 505 619 563 ut
642 500 709 564 fetu
732 502 877 585 proferat

227 611 243 645 s
289 612 305 647 a
351 611 367 645 s
413 610 430 647 ι
476 611 492 647 ιι
538 610 554 645 r
601 612 617 648 ιι
663 612 679 647 s
725 614 742 647 s
788 613 804 648 s
850 614 866 649 s

227 676 299 740 Vno
325 681 360 740 ut
383 677 494 739 labore
517 676 669 741 absoluat
693 680 862 742 aerumnas
886 679 980 757 duas,

227 782 270 846 ut
294 804 333 846 ne
355 781 390 846 in
415 783 597 866 suspicione
620 788 760 867 ponatur
783 785 887 867 stupri

227 888 271 952 ut
294 889 495 954 elindestiua
518 893 554 954 ut
577 892 698 954 ce'letur
721 890 895 954 consuetio.

228 995 443 1079 Quamquam,
466 997 590 1060 utiam
614 996 734 1059 <ludum
757 994 837 1079 dixi,
861 996 1013 1061 resciscet
1035 1003 1147 1061 tamen

228 1102 424 1184 Amphitruo
448 1125 516 1167 rem
541 1124 677 1166 omnem.
716 1101 791 1186 quid
814 1104 937 1185 igitur?
971 1125 1066 1166 nemo
1091 1100 1123 1166 id
1146 1103 1268 1187 probro

228 1207 377 1274 Profecto
401 1209 495 1273 ducet
517 1191 727 1273 Alcumenae:
751 1209 826 1272 naim
850 1209 945 1273 deum

228 1312 302 1379 Non
326 1317 384 1398 pir
408 1316 536 1379 uidetur
558 1315 676 1397 ficere,
700 1315 854 1379 delictum
878 1337 971 1379 suom

229 1420 392 1504 Suimque
416 1423 546 1505 culpam
569 1424 717 1505 expetere
741 1421 774 1485 in
797 1422 965 1486 mortalem
990 1430 1027 1490 ut
1050 1426 1145 1490 sinat
1323 1438 1380 1487 495

306 1587 366 1636 488.
387 1581 499 1635 Nouius
516 1597 544 1648 p.
565 1583 679 1645 57,13.·
706 1579 804 1632 enixae
823 1578 954 1634 dicuntur
976 1580 1097 1636 feminae
1120 1579 1242 1647 nitendi,
1261 1579 1318 1633 hoc
1336 1580 1383 1632 est

228 1661 348 1714 conandi
371 1664 400 1714 et
421 1659 534 1715 dolendi
557 1658 653 1713 labore
676 1658 851 1727 perfunctae:
884 1660 929 1715 uel
953 1677 971 1714 a
995 1661 1087 1729 Nixis,
1111 1676 1183 1730 quae
1206 1658 1381 1729 religionum

228 1756 332 1810 genera
345 1739 518 1809 parientibus
534 1739 672 1807 praesunt.
711 1736 766 1790 Sed
780 1739 937 1809 elegantior
950 1741 1119 1807 intellectus,
1138 1743 1171 1794 ut
1184 1756 1217 1793 ex
1233 1755 1267 1793 eo
1281 1737 1381 1793 dictae

230 1836 291 1873 esse
311 1820 467 1888 credantur,
486 1820 560 1887 quod
579 1818 700 1872 uinculis
719 1817 887 1886 quibusdam
907 1820 1024 1889 periculi
1042 1820 1144 1889 quibus
1162 1819 1382 1889 implicarentur

231 1899 335 1953 inerint
353 1900 508 1954 exsolutae:
527 1916 627 1952 nexum
647 1897 722 1951 enim
741 1896 860 1954 dicimus
879 1903 985 1955 arctum
1005 1904 1035 1955 et
1052 1900 1225 1969 colligatum.
1259 1898 1382 1953 Plautus

230 1979 259 2033 in
278 1979 493 2048 Amphitryone:
524 1979 600 2032 ‘uno
626 2018 676 2031 ...
700 1978 793 2032 duae'
919 1986 978 2035 490.
998 1981 1128 2035 Donatus
1150 1981 1188 2034 ud
1205 1979 1260 2034 Ad.
1282 1978 1383 2046 11¹5,

231 2062 283 2113 32.-
303 2102 308 2112 .
326 2101 352 2112 ..
372 2061 404 2112 ut
427 2058 557 2112 Plautus:
579 2059 629 2112 ‘et
647 2101 653 2112 .
670 2099 699 2111 ..
719 2059 943 2113 cousuetudo’
1048 2059 1149 2114 Factus
1169 2059 1257 2112 Pauli
1277 2076 1310 2126 p.
1330 2064 1382 2114 61.-

231 2140 489 2195 consuctionem
514 2137 630 2192 Plautus
658 2154 708 2206 pro
732 2139 979 2193 consuetudine
1004 2139 1075 2193 dixit
1182 2138 1225 2204 of.
1248 2138 1381 2193 Lucceius

232 2220 328 2273 Proclr.
345 2235 374 2286 p.
394 2222 453 2271 258
530 2223 589 2270 495.
609 2216 720 2270 Nouius
736 2234 764 2285 p.
785 2224 849 2283 301,
867 2222 920 2272 27.-
939 2222 1101 2289 expetere
1119 2217 1263 2272 transferri
1285 2218 1380 2288 [codd.

232 2301 378 2368 expectare
396 2296 570 2367 translerrc],
589 2297 715 2351 euadere.
755 2297 830 2350 ‘sua
849 2297 877 2351 si
896 2300 977 2366 quid
995 2342 1001 2353 .
1018 2342 1023 2353 .
1040 2342 1046 2353 .
1066 2299 1168 2353 sinat’

232 2390 443 2401 ..m-.....-

232 2434 306 2487 libri.
339 2431 421 2485 huius
442 2428 611 2483 Alcumenae
634 2429 747 2483 honoris
769 2430 895 2501 Pylades.
928 2429 1099 2484 Alcumenae
1122 2430 1238 2485 huiusce
1262 2430 1384 2486 honoris

234 2512 379 2577 (truteno,
395 2512 547 2565 Muellerus
558 2527 586 2578 p.
599 2514 668 2564 696:
687 2512 721 2576 cs.
737 2510 904 2564 Sclunidtius
917 2512 949 2564 cle
959 2526 1041 2578 prou.
1055 2511 1121 2565 eeu
1136 2512 1215 2577 form.
1228 2528 1257 2579 p.
1272 2517 1313 2567 55

232 2592 361 2662 graciuJ
411 2597 471 2658 487.
487 2589 596 2644 curabit
606 2589 797 2644 Fleckeiseuus
811 2606 872 2643 cum
881 2590 1041 2644 Ritsclrelic:
1062 2591 1098 2657 cs.
1112 2592 1190 2659 epist.
1205 2590 1264 2644 erit.
1281 2607 1316 2658 p.
1334 2598 1383 2647 17.

233 2671 342 2727 curauit
359 2673 425 2725 libri
507 2669 595 2723 Verba
613 2686 682 2737 quae
699 2676 828 2724 secuntur
846 2671 1008 2739 explicandi
1026 2686 1111 2724 curua
1128 2671 1176 2736 (cf.
1195 2687 1219 2724 u.
1239 2674 1312 2738 878)
1332 2674 1384 2726 nd-

232 2755 292 2808 clilo
319 2753 484 2805 Plautinum
516 2750 712 2804 tenuisticliium
744 2749 878 2820 aepulisce
906 2750 977 2818 quod
1010 2751 1059 2804 boe
1085 2751 1141 2817 fere
1166 2751 1252 2817 fuisse
1278 2751 1384 2818 possit:

232 2832 358 2903 luppiter
376 2848 499 2884 summus
517 2846 596 2883 meus
614 2831 772 2898 crispiculur
790 2829 955 2884 Rilccliclius
973 2830 1142 2885 Fleclmccui
1159 2847 1199 2900 ep.
1218 2831 1281 2884 crit.
1299 2847 1329 2898 p.
1345 2836 1384 2884 17

304 2932 363 3004 lptu
371 2931 407 2984 E.
432 2931 510 2984 foetu
519 2930 589 2983 BD.
612 2921 697 2994 litus,
711 2947 724 2981 a
738 2933 768 2982 ul
782 2927 871 2981 virli
921 2926 1385 2996 proferatdubitouterecripsimuc

234 3015 362 3067 loeuuom
371 3016 435 3081 post
449 3012 474 3065 lc
485 3028 509 3065 u.
520 3014 673 3065 stulueutes.
698 3008 778 3063 fieret
787 3009 862 3074 libri,
871 3009 943 3076 qual
957 3014 1115 3077 corruptum
1129 3025 1182 3063 esce
1195 3009 1266 3063 vidit
1280 3007 1384 3063 Flect-

233 3095 351 3146 eiaeuus:
365 3109 419 3161 pro
432 3108 485 3160 quo
500 3091 640 3160 pepererit
648 3091 796 3160 Seyffertue
806 3088 905 3141 Plrilol.
920 3094 938 3142 l.
955 3094 994 3143 29
1010 3092 1047 3154 (a.
1063 3094 1149 3156 1870)
1158 3106 1187 3157 p.
1197 3093 1260 3143 385.
1289 3088 1384 3144 Inter-

233 3174 358 3239 eideruol
382 3174 437 3239 sere
460 3174 538 3226 liaeo:
566 3170 646 3234 Quod
669 3187 703 3223 ex
722 3173 782 3238 ipso
801 3167 946 3236 grauidast
964 3170 994 3222 et
1013 3169 1087 3236 quod
1103 3162 1246 3237 grauidast
1263 3171 1300 3222 ex
1319 3168 1384 3224 uiro
1417 3192 1423 3203 ·

304 3252 387 3306 Pater
411 3252 519 3306 curabit
538 3268 591 3306 uno
611 3254 642 3305 ut
661 3251 720 3304 fetu
738 3249 787 3302 fiat
806 3249 835 3300 et
854 3248 979 3301 Gertuiue
1058 3250 1140 3302 Nihil
1154 3250 1274 3317 profecit
1293 3249 1386 3304 Rotbe

233 3337 333 3401 piraeei.
345 3347 458 3400 prorum.
469 3348 498 3398 p.
512 3335 547 3383 10
554 3346 607 3398 sqq.
663 3334 724 3383 488.
744 3345 798 3383 uno
808 3328 905 3382 labore
916 3328 1074 3381 exsolueret
1084 3328 1196 3383 Nouius
1248 3345 1384 3384 erumnas

235 3410 353 3464 Nouius.
387 3425 535 3478 erumpnas
545 3409 581 3462 E.
606 3409 788 3482 erumpnasJ
848 3407 879 3461 V.
890 3413 944 3462 489
952 3423 989 3478 sq.
1002 3409 1112 3462 invertit
1121 3408 1385 3463 Frecueenuscuu

235 3490 382 3543 Rilsclrelio
395 3490 435 3543 sic
449 3489 617 3542 immutatos:
635 3489 674 3541 Vt
688 3487 860 3543 elindestina
873 3489 943 3543 haec
962 3489 1068 3542 celetur
1087 3487 1230 3543 consuetio
1243 3490 1253 3557 Ι
1266 3488 1312 3544 Ne
1329 3487 1385 3544 ills

235 3574 262 3624 iu
273 3568 425 3638 suspitione
436 3571 557 3637 ponatur
567 3568 657 3636 stupri
710 3572 770 3621 489.
785 3566 857 3622 Vere.
868 3568 982 3622 ἀαπιηαε
989 3567 1107 3622 Bolliius
1155 3568 1382 3636 insuspicioneJ.

233 3650 415 3721 insuspitionu
430 3650 492 3702 ΒΕ
549 3647 830 3703 490.clandestinaB
845 3649 940 3714 (Jlilt.
951 3653 1014 3716 post
1028 3648 1092 3701 elan
1105 3654 1161 3715 eu).
1190 3647 1253 3700 clau
1267 3647 1384 3703 destina

236 3733 270 3786 Ε.
299 3733 335 3785 Et
349 3729 521 3785 clandestine
531 3732 568 3802 ,ut
578 3730 707 3782 Doriutus
761 3728 904 3782 eonsuetio
914 3727 1061 3796 Scioppius
1075 3733 1100 3782 el
1108 3727 1251 3781 Bentleius
1261 3726 1384 3784 Fcetoct

235 3814 346 3866 Douulo
360 3813 484 3864 ducibus.
518 3808 638 3877 suspicio
658 3808 751 3863 ΒΜ.
785 3806 904 3876 suspitio
923 3806 1021 3861 ΕΓΖ.
1056 3806 1226 3860 consuetudo
1240 3806 1382 3865 Donatus.

236 3889 374 3956 susceptio
396 3889 524 3957 Pylades,
543 3890 703 3943 Lambinus.
737 3890 791 3943 huc
811 3885 862 3941 itio
881 3887 1007 3951 Pistorrc,
1028 3886 1164 3940 (lruterus
1252 3893 1316 3941 491.
1338 3887 1383 3954 Os.

235 3986 259 4021 u.
280 3972 424 4020 Ι176-495
479 3967 537 4020 ianr
555 3984 575 4024 s.
595 3970 657 4023 uJ
707 3968 870 4022 iamdudum
889 3967 919 4020 D
973 3967 1185 4021 rceiscettamen
1204 3968 1294 4033 (etex
1306 3967 1384 4034 u)D

307 4053 368 4102 492.
387 4047 546 4115 Amphitrio
565 4049 633 4103 Bl).
667 4048 833 4118 amphytrio
848 4048 905 4101 Ε]
956 4046 1049 4117 agitur
1067 4048 1094 4100 B
1147 4044 1236 4115 probo
1255 4046 1314 4100 Ε]

236 4133 296 4181 493.
317 4127 461 4197 alcumene
488 4145 550 4181 nam
577 4128 637 4182 EJ.
671 4128 815 4182 alcumena
842 4144 906 4180 num
926 4128 961 4180 B.
1001 4128 1176 4180 alcumenam
1198 4126 1229 4179 1)
1319 4133 1384 4183 494.

236 4208 315 4277 parui
339 4208 421 4260 detur
443 4208 473 4258 l)
568 4225 647 4261 suum
671 4210 736 4262 libri
829 4214 889 4262 495.
915 4208 1053 4276 Suamque
1081 4207 1192 4276 eulpam
1220 4206 1386 4261 Aciduliua:

237 4290 376 4356 Suamque
401 4291 433 4340 ut
455 4288 565 4355 culpam
585 4289 657 4342 libri.
690 4306 740 4345 sua
763 4288 786 4341 si
810 4287 878 4355 quid
901 4289 984 4357 culpa
1006 4289 1118 4341 Nouius
1202 4286 1385 4341 inmortalem

168 4390 171 4394 ⁴
239 4369 296 4421 BJ.
330 4368 518 4421 immortalem
539 4368 574 4422 E.
607 4368 753 4422 mortalem
778 4368 888 4422 ll'ouius
964 4371 996 4420 ut
1015 4366 1090 4421 sinat
1115 4367 1180 4420 libri
1198 4381 1259 4420 mum
1278 4365 1384 4421 Nonio·

236 4448 310 4501 sinat
328 4448 445 4501 Bollrirw
