<?xml version="1.0" encoding="UTF-8"?>
<!DOCTYPE html PUBLIC "-//W3C//DTD XHTML 1.0 Transitional//EN"
    "http://www.w3.org/TR/xhtml1/DTD/xhtml1-transitional.dtd">
<html xmlns="http://www.w3.org/1999/xhtml" xml:lang="en" lang="en">
 <head>
  <title>
</title>
<meta http-equiv="Content-Type" content="text/html;charset=utf-8" />
  <meta name='ocr-system' content='tesseract 3.04.00' />
  <meta name='ocr-capabilities' content='ocr_page ocr_carea ocr_par ocr_line ocrx_word'/>
</head>
<body>
  <div class='ocr_page' id='page_1' title='image "./tmacciplauticom03schgoog_0031.png"; bbox 0 0 2948 5594; ppageno 0'>
   <div class='ocr_carea' id='block_1_1' title="bbox 173 342 869 432">
    <p class='ocr_par' dir='ltr' id='par_1_1' title="bbox 173 342 869 432">
     <span class='ocr_line' id='line_1_1' title="bbox 173 342 869 432; baseline -0.016 0"><span class='ocrx_word' id='word_1_1' title='bbox 173 369 213 432; x_wconf 78' lang='lat'><strong>12</strong></span> <span class='ocrx_word' id='word_1_2' title='bbox 642 368 831 423; x_wconf 80' lang='lat' dir='ltr'><strong>Puosoevs</strong></span> <span class='ocrx_word' id='word_1_3' title='bbox 857 342 869 384; x_wconf 75' lang='lat'><strong>·&#39;</strong></span> 
     </span>
    </p>
   </div>
   <div class='ocr_carea' id='block_1_2' title="bbox 162 531 1096 2106">
    <p class='ocr_par' dir='ltr' id='par_1_2' title="bbox 168 531 969 721">
     <span class='ocr_line' id='line_1_2' title="bbox 169 531 969 616; baseline 0 -20"><span class='ocrx_word' id='word_1_4' title='bbox 169 533 266 610; x_wconf 83' lang='lat' dir='ltr'><strong>Quasi</strong></span> <span class='ocrx_word' id='word_1_5' title='bbox 291 533 517 616; x_wconf 78' lang='lat' dir='ltr'><strong>msigistrstunr</strong></span> <span class='ocrx_word' id='word_1_6' title='bbox 543 533 604 596; x_wconf 86' lang='lat' dir='ltr'><strong>sibi</strong></span> <span class='ocrx_word' id='word_1_7' title='bbox 628 534 762 596; x_wconf 77' lang='lat' dir='ltr'><strong>ilteriue</strong></span> <span class='ocrx_word' id='word_1_8' title='bbox 788 531 969 597; x_wconf 87' lang='lat' dir='ltr'><strong>ombiuerit</strong></span> 
     </span>
     <span class='ocr_line' id='line_1_3' title="bbox 168 637 796 721; baseline 0.003 -20"><span class='ocrx_word' id='word_1_9' title='bbox 168 637 296 703; x_wconf 79' lang='lat' dir='ltr'><strong>Virtute</strong></span> <span class='ocrx_word' id='word_1_10' title='bbox 320 639 401 702; x_wconf 80' lang='lat' dir='ltr'><strong>dixit</strong></span> <span class='ocrx_word' id='word_1_11' title='bbox 423 641 482 703; x_wconf 85' lang='lat' dir='ltr'><strong>uds</strong></span> <span class='ocrx_word' id='word_1_12' title='bbox 506 640 646 704; x_wconf 87' lang='lat' dir='ltr'><strong>uictores</strong></span> <span class='ocrx_word' id='word_1_13' title='bbox 672 637 796 721; x_wconf 89' lang='lat' dir='ltr'><strong>uiuere,</strong></span> 
     </span>
    </p>

    <p class='ocr_par' dir='ltr' id='par_1_3' title="bbox 166 744 978 1041">
     <span class='ocr_line' id='line_1_4' title="bbox 168 744 952 831; baseline 0.001 -23"><span class='ocrx_word' id='word_1_14' title='bbox 168 744 243 809; x_wconf 92' lang='lat' dir='ltr'><strong>Non</strong></span> <span class='ocrx_word' id='word_1_15' title='bbox 267 745 443 809; x_wconf 72' lang='lat' dir='ltr'><strong>imbitione</strong></span> <span class='ocrx_word' id='word_1_16' title='bbox 466 749 568 830; x_wconf 76' lang='lat' dir='ltr'><strong>neque</strong></span> <span class='ocrx_word' id='word_1_17' title='bbox 591 745 739 831; x_wconf 89' lang='lat' dir='ltr'><strong>perfidia:</strong></span> <span class='ocrx_word' id='word_1_18' title='bbox 768 745 825 829; x_wconf 88' lang='lat' dir='ltr'><strong>qui</strong></span> <span class='ocrx_word' id='word_1_19' title='bbox 845 747 952 810; x_wconf 85' lang='lat' dir='ltr'><strong>minus</strong></span> 
     </span>
     <span class='ocr_line' id='line_1_5' title="bbox 166 849 978 935; baseline 0.002 -21"><span class='ocrx_word' id='word_1_20' title='bbox 166 849 290 914; x_wconf 81' lang='lat' dir='ltr'><strong>Eadem</strong></span> <span class='ocrx_word' id='word_1_21' title='bbox 314 849 464 915; x_wconf 90' lang='lat' dir='ltr'><strong>histrioni</strong></span> <span class='ocrx_word' id='word_1_22' title='bbox 490 849 532 914; x_wconf 87' lang='lat' dir='ltr'><strong>sit</strong></span> <span class='ocrx_word' id='word_1_23' title='bbox 555 850 608 915; x_wconf 88' lang='lat' dir='ltr'><strong>lex</strong></span> <span class='ocrx_word' id='word_1_24' title='bbox 631 873 711 935; x_wconf 86' lang='lat' dir='ltr'><strong>quae</strong></span> <span class='ocrx_word' id='word_1_25' title='bbox 736 855 861 916; x_wconf 81' lang='lat' dir='ltr'><strong>summo</strong></span> <span class='ocrx_word' id='word_1_26' title='bbox 886 853 978 918; x_wconf 82' lang='lat' dir='ltr'><strong>uiro?</strong></span> 
     </span>
     <span class='ocr_line' id='line_1_6' title="bbox 167 956 928 1041; baseline 0.001 -21"><span class='ocrx_word' id='word_1_27' title='bbox 167 956 298 1021; x_wconf 77' lang='lat' dir='ltr'><strong>Virtute</strong></span> <span class='ocrx_word' id='word_1_28' title='bbox 322 958 443 1022; x_wconf 86' lang='lat' dir='ltr'><strong>ambire</strong></span> <span class='ocrx_word' id='word_1_29' title='bbox 469 960 612 1041; x_wconf 77' lang='lat' dir='ltr'><strong>oportet,</strong></span> <span class='ocrx_word' id='word_1_30' title='bbox 635 980 700 1022; x_wconf 92' lang='lat' dir='ltr'><strong>non</strong></span> <span class='ocrx_word' id='word_1_31' title='bbox 723 957 928 1023; x_wconf 77' lang='lat' dir='ltr'><strong>ianitoribus.</strong></span> 
     </span>
    </p>

    <p class='ocr_par' dir='ltr' id='par_1_4' title="bbox 166 1061 1096 1467">
     <span class='ocr_line' id='line_1_7' title="bbox 167 1061 999 1149; baseline 0.004 -22"><span class='ocrx_word' id='word_1_32' title='bbox 167 1061 225 1128; x_wconf 85' lang='lat' dir='ltr'><strong>Sat</strong></span> <span class='ocrx_word' id='word_1_33' title='bbox 247 1063 347 1128; x_wconf 77' lang='lat' dir='ltr'><strong>habet</strong></span> <span class='ocrx_word' id='word_1_34' title='bbox 370 1064 545 1129; x_wconf 85' lang='lat' dir='ltr'><strong>fauitorum</strong></span> <span class='ocrx_word' id='word_1_35' title='bbox 570 1067 696 1149; x_wconf 89' lang='lat' dir='ltr'><strong>sc&#39;mper</strong></span> <span class='ocrx_word' id='word_1_36' title='bbox 720 1067 774 1149; x_wconf 92' lang='lat' dir='ltr'><strong>qui</strong></span> <span class='ocrx_word' id='word_1_37' title='bbox 798 1068 884 1131; x_wconf 76' lang='lat' dir='ltr'><strong>recte</strong></span> <span class='ocrx_word' id='word_1_38' title='bbox 907 1067 999 1149; x_wconf 86' lang='lat' dir='ltr'><strong>facit,</strong></span> 
     </span>
     <span class='ocr_line' id='line_1_8' title="bbox 166 1168 1016 1255; baseline 0.004 -21"><span class='ocrx_word' id='word_1_39' title='bbox 166 1168 201 1234; x_wconf 82' lang='lat' dir='ltr'><strong>Si</strong></span> <span class='ocrx_word' id='word_1_40' title='bbox 223 1169 288 1233; x_wconf 89' lang='lat' dir='ltr'><strong>illis</strong></span> <span class='ocrx_word' id='word_1_41' title='bbox 312 1170 389 1235; x_wconf 89' lang='lat' dir='ltr'><strong>fides</strong></span> <span class='ocrx_word' id='word_1_42' title='bbox 413 1177 475 1254; x_wconf 88' lang='lat' dir='ltr'><strong>est,</strong></span> <span class='ocrx_word' id='word_1_43' title='bbox 503 1169 621 1255; x_wconf 76' lang='lat' dir='ltr'><strong>quibus</strong></span> <span class='ocrx_word' id='word_1_44' title='bbox 646 1175 695 1235; x_wconf 88' lang='lat' dir='ltr'><strong>est</strong></span> <span class='ocrx_word' id='word_1_45' title='bbox 718 1194 755 1236; x_wconf 87' lang='lat' dir='ltr'><strong>es</strong></span> <span class='ocrx_word' id='word_1_46' title='bbox 778 1195 829 1236; x_wconf 91' lang='lat' dir='ltr'><strong>res</strong></span> <span class='ocrx_word' id='word_1_47' title='bbox 853 1171 886 1236; x_wconf 90' lang='lat' dir='ltr'><strong>in</strong></span> <span class='ocrx_word' id='word_1_48' title='bbox 910 1195 1016 1237; x_wconf 86' lang='lat' dir='ltr'><strong>manu.</strong></span> 
     </span>
     <span class='ocr_line' id='line_1_9' title="bbox 166 1275 1096 1362; baseline 0.004 -23"><span class='ocrx_word' id='word_1_49' title='bbox 166 1275 237 1341; x_wconf 88' lang='lat' dir='ltr'><strong>Hoc</strong></span> <span class='ocrx_word' id='word_1_50' title='bbox 260 1280 386 1361; x_wconf 79' lang='lat' dir='ltr'><strong>quoque</strong></span> <span class='ocrx_word' id='word_1_51' title='bbox 410 1278 508 1342; x_wconf 85' lang='lat' dir='ltr'><strong>etism</strong></span> <span class='ocrx_word' id='word_1_52' title='bbox 533 1278 613 1342; x_wconf 88' lang='lat' dir='ltr'><strong>mihi</strong></span> <span class='ocrx_word' id='word_1_53' title='bbox 637 1279 730 1361; x_wconf 72' lang='lat' dir='ltr'><strong>priter</strong></span> <span class='ocrx_word' id='word_1_54' title='bbox 753 1279 787 1342; x_wconf 91' lang='lat' dir='ltr'><strong>in</strong></span> <span class='ocrx_word' id='word_1_55' title='bbox 811 1279 972 1344; x_wconf 87' lang='lat' dir='ltr'><strong>mundatis</strong></span> <span class='ocrx_word' id='word_1_56' title='bbox 995 1279 1096 1362; x_wconf 83' lang='lat' dir='ltr'><strong>dedit,</strong></span> 
     </span>
     <span class='ocr_line' id='line_1_10' title="bbox 167 1381 871 1467; baseline 0.004 -23"><span class='ocrx_word' id='word_1_57' title='bbox 167 1382 212 1445; x_wconf 90' lang='lat' dir='ltr'><strong>Vt</strong></span> <span class='ocrx_word' id='word_1_58' title='bbox 236 1384 484 1467; x_wconf 82' lang='lat' dir='ltr'><strong>odnqusestores</strong></span> <span class='ocrx_word' id='word_1_59' title='bbox 507 1381 624 1448; x_wconf 89' lang='lat' dir='ltr'><strong>fierent</strong></span> <span class='ocrx_word' id='word_1_60' title='bbox 647 1384 871 1449; x_wconf 77' lang='lat' dir='ltr'><strong>histrionibus:</strong></span> 
     </span>
    </p>

    <p class='ocr_par' dir='ltr' id='par_1_5' title="bbox 164 1487 970 1894">
     <span class='ocr_line' id='line_1_11' title="bbox 166 1487 962 1575; baseline 0.006 -24"><span class='ocrx_word' id='word_1_61' title='bbox 166 1488 227 1565; x_wconf 91' lang='lat' dir='ltr'><strong>Qui</strong></span> <span class='ocrx_word' id='word_1_62' title='bbox 251 1487 315 1553; x_wconf 85' lang='lat' dir='ltr'><strong>sibi</strong></span> <span class='ocrx_word' id='word_1_63' title='bbox 338 1491 525 1555; x_wconf 73' lang='lat' dir='ltr'>mandasset</span> <span class='ocrx_word' id='word_1_64' title='bbox 548 1490 688 1575; x_wconf 71' lang='lat' dir='ltr'><strong>delegati</strong></span> <span class='ocrx_word' id='word_1_65' title='bbox 712 1495 749 1554; x_wconf 92' lang='lat' dir='ltr'><strong>ut</strong></span> <span class='ocrx_word' id='word_1_66' title='bbox 771 1491 962 1574; x_wconf 80' lang='lat' dir='ltr'><strong>plauderent</strong></span> 
     </span>
     <span class='ocr_line' id='line_1_12' title="bbox 165 1594 926 1682; baseline 0.004 -23"><span class='ocrx_word' id='word_1_67' title='bbox 165 1594 267 1670; x_wconf 92' lang='lat' dir='ltr'><strong>Quiue</strong></span> <span class='ocrx_word' id='word_1_68' title='bbox 291 1595 375 1672; x_wconf 76' lang='lat' dir='ltr'><strong>ilter</strong></span> <span class='ocrx_word' id='word_1_69' title='bbox 399 1620 463 1681; x_wconf 93' lang='lat' dir='ltr'><strong>quo</strong></span> <span class='ocrx_word' id='word_1_70' title='bbox 487 1598 631 1680; x_wconf 86' lang='lat' dir='ltr'><strong>place&#39;ret</strong></span> <span class='ocrx_word' id='word_1_71' title='bbox 653 1596 784 1662; x_wconf 78' lang='lat' dir='ltr'><strong>fecisset</strong></span> <span class='ocrx_word' id='word_1_72' title='bbox 806 1598 926 1682; x_wconf 84' lang='lat' dir='ltr'><strong>minus,</strong></span> 
     </span>
     <span class='ocr_line' id='line_1_13' title="bbox 164 1700 970 1770; baseline 0.007 -6"><span class='ocrx_word' id='word_1_73' title='bbox 164 1700 244 1766; x_wconf 85' lang='lat' dir='ltr'><strong>Eius</strong></span> <span class='ocrx_word' id='word_1_74' title='bbox 269 1705 460 1768; x_wconf 83' lang='lat' dir='ltr'><strong>drnsmenta</strong></span> <span class='ocrx_word' id='word_1_75' title='bbox 484 1709 517 1767; x_wconf 92' lang='lat' dir='ltr'><strong>et</strong></span> <span class='ocrx_word' id='word_1_76' title='bbox 540 1705 662 1767; x_wconf 78' lang='lat' dir='ltr'><strong>corium</strong></span> <span class='ocrx_word' id='word_1_77' title='bbox 687 1705 734 1767; x_wconf 91' lang='lat' dir='ltr'><strong>uti</strong></span> <span class='ocrx_word' id='word_1_78' title='bbox 759 1703 970 1770; x_wconf 80' lang='lat' dir='ltr'><strong>conciderent.</strong></span> 
     </span>
     <span class='ocr_line' id='line_1_14' title="bbox 164 1807 888 1894; baseline 0.006 -24"><span class='ocrx_word' id='word_1_79' title='bbox 164 1807 277 1872; x_wconf 76' lang='lat' dir='ltr'><strong>Mireiri</strong></span> <span class='ocrx_word' id='word_1_80' title='bbox 300 1810 402 1874; x_wconf 88' lang='lat' dir='ltr'><strong>nolim</strong></span> <span class='ocrx_word' id='word_1_81' title='bbox 427 1811 498 1893; x_wconf 78' lang='lat' dir='ltr'><strong>uos,</strong></span> <span class='ocrx_word' id='word_1_82' title='bbox 522 1813 718 1894; x_wconf 85' lang='lat' dir='ltr'><strong>quapropter</strong></span> <span class='ocrx_word' id='word_1_83' title='bbox 742 1809 888 1893; x_wconf 79' lang='lat' dir='ltr'><strong>luppiter</strong></span> 
     </span>
    </p>

    <p class='ocr_par' dir='ltr' id='par_1_6' title="bbox 163 1913 859 1981">
     <span class='ocr_line' id='line_1_15' title="bbox 163 1913 859 1981; baseline 0.006 -4"><span class='ocrx_word' id='word_1_84' title='bbox 163 1913 258 1979; x_wconf 91' lang='lat' dir='ltr'><strong>Nunc</strong></span> <span class='ocrx_word' id='word_1_85' title='bbox 281 1914 456 1981; x_wconf 83' lang='lat' dir='ltr'><strong>histriones</strong></span> <span class='ocrx_word' id='word_1_86' title='bbox 481 1921 578 1980; x_wconf 79' lang='lat' dir='ltr'><strong>curet.</strong></span> <span class='ocrx_word' id='word_1_87' title='bbox 619 1938 660 1980; x_wconf 88' lang='lat' dir='ltr'><strong>ne</strong></span> <span class='ocrx_word' id='word_1_88' title='bbox 685 1916 859 1981; x_wconf 76' lang='lat' dir='ltr'><strong>miremini:</strong></span> 
     </span>
    </p>

    <p class='ocr_par' dir='ltr' id='par_1_7' title="bbox 162 2018 911 2106">
     <span class='ocr_line' id='line_1_16' title="bbox 162 2018 911 2106; baseline 0.008 -24"><span class='ocrx_word' id='word_1_89' title='bbox 162 2018 237 2104; x_wconf 89' lang='lat' dir='ltr'><strong>Ipse</strong></span> <span class='ocrx_word' id='word_1_90' title='bbox 261 2020 345 2085; x_wconf 76' lang='lat' dir='ltr'><strong>hinc</strong></span> <span class='ocrx_word' id='word_1_91' title='bbox 368 2025 515 2087; x_wconf 87' lang='lat' dir='ltr'><strong>acturust</strong></span> <span class='ocrx_word' id='word_1_92' title='bbox 538 2021 683 2106; x_wconf 78' lang='lat' dir='ltr'><strong>Iuppiter</strong></span> <span class='ocrx_word' id='word_1_93' title='bbox 706 2023 911 2088; x_wconf 72' lang='lat' dir='ltr'><strong>comoediam.</strong></span> 
     </span>
    </p>
   </div>
   <div class='ocr_carea' id='block_1_3' title="bbox 159 2304 1313 3648">
    <p class='ocr_par' dir='ltr' id='par_1_8' title="bbox 159 2304 1313 3648">
     <span class='ocr_line' id='line_1_17' title="bbox 236 2304 1313 2376; baseline 0.006 -18"><span class='ocrx_word' id='word_1_94' title='bbox 236 2311 275 2359; x_wconf 73' lang='lat'><strong>74.</strong></span> <span class='ocrx_word' id='word_1_95' title='bbox 298 2304 384 2370; x_wconf 83' lang='lat' dir='ltr'><strong>Quasi</strong></span> <span class='ocrx_word' id='word_1_96' title='bbox 402 2304 456 2361; x_wconf 89' lang='lat' dir='ltr'><strong>sibi</strong></span> <span class='ocrx_word' id='word_1_97' title='bbox 475 2306 670 2375; x_wconf 78' lang='lat' dir='ltr'><strong>magistratum</strong></span> <span class='ocrx_word' id='word_1_98' title='bbox 690 2307 820 2376; x_wconf 69' lang='lat' dir='ltr'><strong>Gsepdus.</strong></span> <span class='ocrx_word' id='word_1_99' title='bbox 860 2306 944 2370; x_wconf 81' lang='lat' dir='ltr'><strong>Quasi</strong></span> <span class='ocrx_word' id='word_1_100' title='bbox 964 2306 1042 2361; x_wconf 89' lang='lat' dir='ltr'><strong>sim.</strong></span> <span class='ocrx_word' id='word_1_101' title='bbox 1063 2308 1204 2363; x_wconf 67' lang='lat' dir='ltr'><strong>Mmaurrs</strong></span> <span class='ocrx_word' id='word_1_102' title='bbox 1224 2309 1313 2364; x_wconf 71' lang='lat' dir='ltr'><strong>Mese.</strong></span> 
     </span>
     <span class='ocr_line' id='line_1_18' title="bbox 160 2385 1312 2456; baseline 0.004 -19"><span class='ocrx_word' id='word_1_103' title='bbox 160 2402 188 2452; x_wconf 87' lang='lat' dir='ltr'><strong>p.</strong></span> <span class='ocrx_word' id='word_1_104' title='bbox 202 2391 266 2439; x_wconf 77' lang='grc'><em>186.</em></span> <span class='ocrx_word' id='word_1_105' title='bbox 289 2385 485 2455; x_wconf 79' lang='lat' dir='ltr'><strong>Magistratum</strong></span> <span class='ocrx_word' id='word_1_106' title='bbox 499 2385 580 2453; x_wconf 85' lang='lat' dir='ltr'><strong>quasi</strong></span> <span class='ocrx_word' id='word_1_107' title='bbox 594 2385 648 2439; x_wconf 89' lang='lat' dir='ltr'><strong>sibi</strong></span> <span class='ocrx_word' id='word_1_108' title='bbox 658 2385 848 2440; x_wconf 68' lang='lat' dir='ltr'><strong>Fleckeisemes</strong></span> <span class='ocrx_word' id='word_1_109' title='bbox 862 2385 917 2454; x_wconf 82' lang='lat' dir='ltr'><strong>Ep.</strong></span> <span class='ocrx_word' id='word_1_110' title='bbox 929 2386 988 2438; x_wconf 83' lang='lat' dir='ltr'><strong>erit.</strong></span> <span class='ocrx_word' id='word_1_111' title='bbox 1000 2403 1030 2454; x_wconf 86' lang='lat' dir='ltr'><strong>p.</strong></span> <span class='ocrx_word' id='word_1_112' title='bbox 1043 2391 1085 2440; x_wconf 83' lang='lat'><strong>16.</strong></span> <span class='ocrx_word' id='word_1_113' title='bbox 1111 2389 1312 2456; x_wconf 75' lang='lat' dir='ltr'><strong>mirgistratum</strong></span> 
     </span>
     <span class='ocr_line' id='line_1_19' title="bbox 161 2463 1311 2537; baseline 0.003 -20"><span class='ocrx_word' id='word_1_114' title='bbox 161 2463 213 2530; x_wconf 77' lang='lat' dir='ltr'><strong>def.</strong></span> <span class='ocrx_word' id='word_1_115' title='bbox 229 2464 407 2519; x_wconf 78' lang='lat' dir='ltr'><strong>Hermmmus</strong></span> <span class='ocrx_word' id='word_1_116' title='bbox 425 2465 496 2520; x_wconf 82' lang='lat' dir='ltr'><strong>Noe.</strong></span> <span class='ocrx_word' id='word_1_117' title='bbox 516 2467 956 2533; x_wconf 71' lang='lat' dir='ltr'><strong>arenul.t.lll(&#39;ce.1u37)1›.267</strong></span> <span class='ocrx_word' id='word_1_118' title='bbox 1028 2465 1109 2519; x_wconf 87' lang='lat' dir='ltr'><strong>alteri</strong></span> <span class='ocrx_word' id='word_1_119' title='bbox 1123 2484 1158 2519; x_wconf 89' lang='lat' dir='ltr'><strong>us</strong></span> <span class='ocrx_word' id='word_1_120' title='bbox 1173 2466 1208 2518; x_wconf 92' lang='lat' dir='ltr'><strong>B.</strong></span> <span class='ocrx_word' id='word_1_121' title='bbox 1238 2467 1311 2537; x_wconf 76' lang='lat' dir='ltr'><strong>alte[</strong></span> 
     </span>
     <span class='ocr_line' id='line_1_20' title="bbox 161 2543 1309 2614; baseline 0.003 -18"><span class='ocrx_word' id='word_1_122' title='bbox 161 2543 185 2596; x_wconf 79' lang='lat' dir='ltr'><em>J</em></span> <span class='ocrx_word' id='word_1_123' title='bbox 253 2544 296 2599; x_wconf 85' lang='lat' dir='ltr'><strong>De</strong></span> <span class='ocrx_word' id='word_1_124' title='bbox 315 2562 349 2599; x_wconf 92' lang='lat' dir='ltr'><strong>ue</strong></span> <span class='ocrx_word' id='word_1_125' title='bbox 368 2546 403 2611; x_wconf 76' lang='lat' dir='ltr'><strong>cf.</strong></span> <span class='ocrx_word' id='word_1_126' title='bbox 423 2545 572 2614; x_wconf 74' lang='lat' dir='ltr'><strong>Lunpenus</strong></span> <span class='ocrx_word' id='word_1_127' title='bbox 592 2546 756 2614; x_wconf 73' lang='lat' dir='ltr'><strong>‘Beitroeye&#39;</strong></span> <span class='ocrx_word' id='word_1_128' title='bbox 778 2562 808 2614; x_wconf 85' lang='lat' dir='ltr'><strong>p.</strong></span> <span class='ocrx_word' id='word_1_129' title='bbox 832 2551 869 2600; x_wconf 79' lang='lat'><strong>97</strong></span> <span class='ocrx_word' id='word_1_130' title='bbox 958 2544 1120 2610; x_wconf 87' lang='lat' dir='ltr'><strong>ambiuerit,</strong></span> <span class='ocrx_word' id='word_1_131' title='bbox 1144 2550 1157 2599; x_wconf 89' lang='lat' dir='ltr'><strong>t</strong></span> <span class='ocrx_word' id='word_1_132' title='bbox 1180 2563 1214 2599; x_wconf 77' lang='lat' dir='ltr'><strong>eu</strong></span> <span class='ocrx_word' id='word_1_133' title='bbox 1233 2552 1251 2599; x_wconf 80' lang='lat'><strong>1&#39;1</strong></span> <span class='ocrx_word' id='word_1_134' title='bbox 1273 2548 1309 2600; x_wconf 90' lang='lat' dir='ltr'><strong>D.</strong></span> 
     </span>
     <span class='ocr_line' id='line_1_21' title="bbox 162 2624 1307 2689; baseline 0.002 -11"><span class='ocrx_word' id='word_1_135' title='bbox 162 2624 332 2678; x_wconf 85' lang='lat' dir='ltr'><strong>embiucrint</strong></span> <span class='ocrx_word' id='word_1_136' title='bbox 350 2626 408 2680; x_wconf 83' lang='lat' dir='ltr'><strong>cod.</strong></span> <span class='ocrx_word' id='word_1_137' title='bbox 427 2626 570 2679; x_wconf 78' lang='lat' dir='ltr'><strong>Leideusis</strong></span> <span class='ocrx_word' id='word_1_138' title='bbox 584 2626 620 2689; x_wconf 74' lang='lat' dir='ltr'><strong>A,</strong></span> <span class='ocrx_word' id='word_1_139' title='bbox 639 2624 765 2678; x_wconf 78' lang='lat' dir='ltr'><strong>Gerizius</strong></span> <span class='ocrx_word' id='word_1_140' title='bbox 837 2632 878 2679; x_wconf 77' lang='lat'><strong>75.</strong></span> <span class='ocrx_word' id='word_1_141' title='bbox 899 2642 948 2679; x_wconf 87' lang='lat' dir='ltr'><strong>uos</strong></span> <span class='ocrx_word' id='word_1_142' title='bbox 967 2631 998 2679; x_wconf 81' lang='lat' dir='ltr'><strong>ot</strong></span> <span class='ocrx_word' id='word_1_143' title='bbox 1012 2627 1066 2682; x_wconf 81' lang='lat' dir='ltr'><strong>oid.</strong></span> <span class='ocrx_word' id='word_1_144' title='bbox 1086 2625 1117 2678; x_wconf 85' lang='lat' dir='ltr'><em>E</em></span> <span class='ocrx_word' id='word_1_145' title='bbox 1187 2643 1238 2681; x_wconf 91' lang='lat' dir='ltr'><strong>uos</strong></span> <span class='ocrx_word' id='word_1_146' title='bbox 1258 2644 1307 2681; x_wconf 81' lang='lat' dir='ltr'><strong>orn.</strong></span> 
     </span>
     <span class='ocr_line' id='line_1_22' title="bbox 161 2703 1306 2775; baseline 0.005 -20"><span class='ocrx_word' id='word_1_147' title='bbox 161 2703 185 2756; x_wconf 81' lang='lat' dir='ltr'><em>J</em></span> <span class='ocrx_word' id='word_1_148' title='bbox 187 2704 213 2755; x_wconf 83' lang='lat' dir='ltr'><em>Z</em></span> <span class='ocrx_word' id='word_1_149' title='bbox 279 2703 372 2775; x_wconf 87' lang='lat' dir='ltr'><strong>uiuer[</strong></span> <span class='ocrx_word' id='word_1_150' title='bbox 391 2704 418 2758; x_wconf 80' lang='lat' dir='ltr'><strong>J.</strong></span> <span class='ocrx_word' id='word_1_151' title='bbox 448 2704 558 2757; x_wconf 88' lang='lat' dir='ltr'><strong>clunere</strong></span> <span class='ocrx_word' id='word_1_152' title='bbox 574 2703 739 2758; x_wconf 75' lang='lat' dir='ltr'><strong>Gulielmius</strong></span> <span class='ocrx_word' id='word_1_153' title='bbox 752 2721 772 2760; x_wconf 90' lang='lat' dir='ltr'><strong>e.</strong></span> <span class='ocrx_word' id='word_1_154' title='bbox 789 2712 818 2771; x_wconf 86' lang='lat'><strong>1,</strong></span> <span class='ocrx_word' id='word_1_155' title='bbox 837 2706 909 2774; x_wconf 83' lang='lat' dir='ltr'><strong>quod</strong></span> <span class='ocrx_word' id='word_1_156' title='bbox 925 2706 984 2758; x_wconf 82' lang='lat' dir='ltr'><strong>iure</strong></span> <span class='ocrx_word' id='word_1_157' title='bbox 1004 2704 1139 2773; x_wconf 81' lang='lat' dir='ltr'><strong>improbat</strong></span> <span class='ocrx_word' id='word_1_158' title='bbox 1153 2705 1306 2761; x_wconf 71' lang='lat' dir='ltr'><strong>Scriverius</strong></span> 
     </span>
     <span class='ocr_line' id='line_1_23' title="bbox 165 2783 1305 2852; baseline 0.003 -16"><span class='ocrx_word' id='word_1_159' title='bbox 165 2783 213 2850; x_wconf 83' lang='lat' dir='ltr'><strong>Op.</strong></span> <span class='ocrx_word' id='word_1_160' title='bbox 243 2785 336 2838; x_wconf 79' lang='lat' dir='ltr'><strong>anecd.</strong></span> <span class='ocrx_word' id='word_1_161' title='bbox 362 2799 391 2852; x_wconf 86' lang='lat' dir='ltr'><strong>p.</strong></span> <span class='ocrx_word' id='word_1_162' title='bbox 416 2789 466 2851; x_wconf 83' lang='lat'><strong>55,</strong></span> <span class='ocrx_word' id='word_1_163' title='bbox 492 2784 573 2838; x_wconf 85' lang='lat' dir='ltr'><strong>etiam</strong></span> <span class='ocrx_word' id='word_1_164' title='bbox 596 2785 769 2852; x_wconf 78' lang='lat' dir='ltr'><strong>perversiora</strong></span> <span class='ocrx_word' id='word_1_165' title='bbox 793 2784 949 2838; x_wconf 75' lang='lat' dir='ltr'><strong>Palrueriris</strong></span> <span class='ocrx_word' id='word_1_166' title='bbox 967 2801 997 2852; x_wconf 79' lang='lat' dir='ltr'><strong>p.</strong></span> <span class='ocrx_word' id='word_1_167' title='bbox 1022 2788 1077 2839; x_wconf 70' lang='lat'><strong>724</strong></span> <span class='ocrx_word' id='word_1_168' title='bbox 1100 2786 1219 2847; x_wconf 75' lang='lat' dir='ltr'><strong>(reusneri</strong></span> <span class='ocrx_word' id='word_1_169' title='bbox 1242 2790 1305 2839; x_wconf 81' lang='lat' dir='ltr'><strong>sunl</strong></span> 
     </span>
     <span class='ocr_line' id='line_1_24' title="bbox 164 2862 1303 2936; baseline 0.002 -20"><span class='ocrx_word' id='word_1_170' title='bbox 164 2863 339 2933; x_wconf 77' lang='lat' dir='ltr'><strong>‘Lauspodis’</strong></span> <span class='ocrx_word' id='word_1_171' title='bbox 361 2869 379 2916; x_wconf 85' lang='lat' dir='ltr'><strong>i.</strong></span> <span class='ocrx_word' id='word_1_172' title='bbox 399 2863 459 2931; x_wconf 83' lang='lat' dir='ltr'><strong>IV)</strong></span> <span class='ocrx_word' id='word_1_173' title='bbox 518 2870 559 2918; x_wconf 85' lang='lat' dir='ltr'><strong>ll.</strong></span> <span class='ocrx_word' id='word_1_174' title='bbox 579 2863 747 2930; x_wconf 77' lang='lat' dir='ltr'><strong>Eandem-J</strong></span> <span class='ocrx_word' id='word_1_175' title='bbox 786 2862 987 2932; x_wconf 82' lang='lat' dir='ltr'><strong>hystrioniJ</strong></span> <span class='ocrx_word' id='word_1_176' title='bbox 1044 2864 1205 2936; x_wconf 69' lang='lat' dir='ltr'><strong>queBEJ</strong></span> <span class='ocrx_word' id='word_1_177' title='bbox 1265 2871 1303 2918; x_wconf 77' lang='grc'><strong>79,</strong></span> 
     </span>
     <span class='ocr_line' id='line_1_25' title="bbox 161 2942 1234 3012; baseline 0.002 -18"><span class='ocrx_word' id='word_1_178' title='bbox 161 2943 246 2997; x_wconf 78' lang='lat' dir='ltr'><strong>habet</strong></span> <span class='ocrx_word' id='word_1_179' title='bbox 263 2944 405 2999; x_wconf 81' lang='lat' dir='ltr'><strong>fautorum</strong></span> <span class='ocrx_word' id='word_1_180' title='bbox 420 2944 561 2997; x_wconf 71' lang='lat' dir='ltr'><strong>Lersensis</strong></span> <span class='ocrx_word' id='word_1_181' title='bbox 576 2944 658 2997; x_wconf 85' lang='lat' dir='ltr'><strong>Mise.</strong></span> <span class='ocrx_word' id='word_1_182' title='bbox 671 2961 699 3012; x_wconf 86' lang='lat' dir='ltr'><strong>p.</strong></span> <span class='ocrx_word' id='word_1_183' title='bbox 715 2949 771 2998; x_wconf 74' lang='lat' dir='ltr'><strong>1le</strong></span> <span class='ocrx_word' id='word_1_184' title='bbox 840 2942 951 3010; x_wconf 86' lang='lat' dir='ltr'><strong>hebere,</strong></span> <span class='ocrx_word' id='word_1_185' title='bbox 971 2946 983 2996; x_wconf 93' lang='lat' dir='ltr'><strong>t</strong></span> <span class='ocrx_word' id='word_1_186' title='bbox 1001 2961 1022 2997; x_wconf 89' lang='lat' dir='ltr'><strong>s.</strong></span> <span class='ocrx_word' id='word_1_187' title='bbox 1037 2960 1066 2997; x_wconf 92' lang='lat' dir='ltr'><strong>re</strong></span> <span class='ocrx_word' id='word_1_188' title='bbox 1086 2945 1191 3011; x_wconf 81' lang='lat' dir='ltr'><strong>scripta</strong></span> <span class='ocrx_word' id='word_1_189' title='bbox 1206 2944 1234 2996; x_wconf 92' lang='lat' dir='ltr'><em>B</em></span> 
     </span>
     <span class='ocr_line' id='line_1_26' title="bbox 162 3022 1305 3079; baseline 0.002 -4"><span class='ocrx_word' id='word_1_190' title='bbox 162 3023 323 3078; x_wconf 85' lang='lat' dir='ltr'><strong>sauitoriuur</strong></span> <span class='ocrx_word' id='word_1_191' title='bbox 342 3025 372 3078; x_wconf 82' lang='grc' dir='ltr'><em>Ε</em></span> <span class='ocrx_word' id='word_1_192' title='bbox 443 3026 519 3078; x_wconf 83' lang='lat' dir='ltr'><strong>recte</strong></span> <span class='ocrx_word' id='word_1_193' title='bbox 538 3041 571 3077; x_wconf 77' lang='lat' dir='ltr'><strong>ex</strong></span> <span class='ocrx_word' id='word_1_194' title='bbox 589 3027 667 3078; x_wconf 87' lang='lat' dir='ltr'><strong>recta</strong></span> <span class='ocrx_word' id='word_1_195' title='bbox 684 3023 714 3076; x_wconf 87' lang='grc' dir='ltr'><strong>Ι)</strong></span> <span class='ocrx_word' id='word_1_196' title='bbox 786 3027 828 3079; x_wconf 83' lang='grc'><strong>80.</strong></span> <span class='ocrx_word' id='word_1_197' title='bbox 847 3022 961 3076; x_wconf 86' lang='lat' dir='ltr'><strong>inmauu</strong></span> <span class='ocrx_word' id='word_1_198' title='bbox 985 3022 1076 3076; x_wconf 84' lang='lat' dir='ltr'><strong>BEJ</strong></span> <span class='ocrx_word' id='word_1_199' title='bbox 1149 3022 1179 3076; x_wconf 88' lang='lat' dir='ltr'><strong>V.</strong></span> <span class='ocrx_word' id='word_1_200' title='bbox 1196 3029 1305 3077; x_wconf 73' lang='lat' dir='ltr'><strong>Sl-s5</strong></span> 
     </span>
     <span class='ocr_line' id='line_1_27' title="bbox 160 3102 1305 3174; baseline 0.002 -20"><span class='ocrx_word' id='word_1_201' title='bbox 160 3103 242 3157; x_wconf 81' lang='lat' dir='ltr'><strong>sinsul</strong></span> <span class='ocrx_word' id='word_1_202' title='bbox 260 3121 321 3158; x_wconf 83' lang='lat' dir='ltr'><strong>cum</strong></span> <span class='ocrx_word' id='word_1_203' title='bbox 340 3110 438 3174; x_wconf 62' lang='lat' dir='ltr'><strong>disqu</strong></span> <span class='ocrx_word' id='word_1_204' title='bbox 458 3106 528 3171; x_wconf 73' lang='lat' dir='ltr'><strong>ferri</strong></span> <span class='ocrx_word' id='word_1_205' title='bbox 542 3120 623 3172; x_wconf 81' lang='lat' dir='ltr'><strong>posse</strong></span> <span class='ocrx_word' id='word_1_206' title='bbox 643 3104 771 3157; x_wconf 78' lang='lat' dir='ltr'><strong>llsourius</strong></span> <span class='ocrx_word' id='word_1_207' title='bbox 789 3102 874 3155; x_wconf 82' lang='lat' dir='ltr'><strong>Auel.</strong></span> <span class='ocrx_word' id='word_1_208' title='bbox 894 3104 953 3155; x_wconf 73' lang='lat' dir='ltr'><strong>erit,</strong></span> <span class='ocrx_word' id='word_1_209' title='bbox 968 3120 998 3170; x_wconf 80' lang='lat' dir='ltr'><strong>p.</strong></span> <span class='ocrx_word' id='word_1_210' title='bbox 1018 3108 1073 3155; x_wconf 76' lang='lat'><strong>176</strong></span> <span class='ocrx_word' id='word_1_211' title='bbox 1092 3108 1173 3171; x_wconf 73' lang='lat' dir='ltr'><strong>nepot</strong></span> <span class='ocrx_word' id='word_1_212' title='bbox 1264 3110 1305 3157; x_wconf 82' lang='lat'><strong>81.</strong></span> 
     </span>
     <span class='ocr_line' id='line_1_28' title="bbox 161 3181 1306 3253; baseline 0.002 -17"><span class='ocrx_word' id='word_1_213' title='bbox 161 3183 248 3237; x_wconf 90' lang='lat' dir='ltr'><strong>michi</strong></span> <span class='ocrx_word' id='word_1_214' title='bbox 267 3184 322 3238; x_wconf 70' lang='lat' dir='ltr'><strong>Er</strong></span> <span class='ocrx_word' id='word_1_215' title='bbox 399 3188 479 3253; x_wconf 87' lang='lat' dir='ltr'><strong>pater</strong></span> <span class='ocrx_word' id='word_1_216' title='bbox 498 3200 556 3237; x_wconf 80' lang='lat' dir='ltr'><strong>cum</strong></span> <span class='ocrx_word' id='word_1_217' title='bbox 584 3184 684 3238; x_wconf 80' lang='lat' dir='ltr'><strong>ll’cisio</strong></span> <span class='ocrx_word' id='word_1_218' title='bbox 709 3181 860 3236; x_wconf 76' lang='lat' dir='ltr'><strong>Muellerus</strong></span> <span class='ocrx_word' id='word_1_219' title='bbox 880 3181 1081 3250; x_wconf 76' lang='lat' dir='ltr'><strong>‘lt&#39;aehlroepe&#39;</strong></span> <span class='ocrx_word' id='word_1_220' title='bbox 1104 3199 1133 3250; x_wconf 84' lang='lat' dir='ltr'><strong>p.</strong></span> <span class='ocrx_word' id='word_1_221' title='bbox 1153 3188 1223 3236; x_wconf 74' lang='grc' dir='ltr'><strong>121.ι</strong></span> <span class='ocrx_word' id='word_1_222' title='bbox 1256 3199 1306 3239; x_wconf 80' lang='lat' dir='ltr'><strong>one.</strong></span> 
     </span>
     <span class='ocr_line' id='line_1_29' title="bbox 161 3262 1306 3333; baseline 0.003 -19"><span class='ocrx_word' id='word_1_223' title='bbox 161 3263 234 3316; x_wconf 80' lang='lat' dir='ltr'><strong>libri.</strong></span> <span class='ocrx_word' id='word_1_224' title='bbox 273 3263 340 3316; x_wconf 83' lang='lat' dir='ltr'><strong>Post</strong></span> <span class='ocrx_word' id='word_1_225' title='bbox 363 3262 442 3316; x_wconf 89' lang='lat' dir='ltr'><strong>dedit</strong></span> <span class='ocrx_word' id='word_1_226' title='bbox 466 3262 537 3315; x_wconf 82' lang='lat' dir='ltr'><strong>idem</strong></span> <span class='ocrx_word' id='word_1_227' title='bbox 560 3263 624 3315; x_wconf 73' lang='lat' dir='ltr'><strong>aeid.</strong></span> <span class='ocrx_word' id='word_1_228' title='bbox 650 3262 680 3314; x_wconf 79' lang='lat' dir='ltr'><strong><em>F</em></strong></span> <span class='ocrx_word' id='word_1_229' title='bbox 700 3278 761 3315; x_wconf 72' lang='lat' dir='ltr'><strong>eserie</strong></span> <span class='ocrx_word' id='word_1_230' title='bbox 783 3263 869 3315; x_wconf 78' lang='lat' dir='ltr'><strong>ruina</strong></span> <span class='ocrx_word' id='word_1_231' title='bbox 887 3277 987 3315; x_wconf 82' lang='lat' dir='ltr'><strong>versus.</strong></span> <span class='ocrx_word' id='word_1_232' title='bbox 1020 3262 1068 3315; x_wconf 91' lang='lat' dir='ltr'><strong>ille</strong></span> <span class='ocrx_word' id='word_1_233' title='bbox 1094 3265 1156 3317; x_wconf 84' lang='lat' dir='ltr'><strong>add.</strong></span> <span class='ocrx_word' id='word_1_234' title='bbox 1178 3265 1306 3333; x_wconf 78' lang='lat' dir='ltr'><strong>Pylades.</strong></span> 
     </span>
     <span class='ocr_line' id='line_1_30' title="bbox 160 3339 1307 3408; baseline 0.004 -17"><span class='ocrx_word' id='word_1_235' title='bbox 160 3341 307 3394; x_wconf 88' lang='lat' dir='ltr'><strong>Dein..i.</strong></span> <span class='ocrx_word' id='word_1_236' title='bbox 330 3340 450 3395; x_wconf 76' lang='lat' dir='ltr'><strong>mmihi</strong></span> <span class='ocrx_word' id='word_1_237' title='bbox 474 3341 501 3393; x_wconf 90' lang='lat' dir='ltr'><strong>d.</strong></span> <span class='ocrx_word' id='word_1_238' title='bbox 524 3342 565 3393; x_wconf 82' lang='lat' dir='ltr'><strong>cel</strong></span> <span class='ocrx_word' id='word_1_239' title='bbox 583 3339 783 3395; x_wconf 88' lang='lat' dir='ltr'><strong>Dein..mihi</strong></span> <span class='ocrx_word' id='word_1_240' title='bbox 800 3341 820 3394; x_wconf 89' lang='lat' dir='ltr'><strong>i.</strong></span> <span class='ocrx_word' id='word_1_241' title='bbox 838 3358 874 3396; x_wconf 89' lang='lat' dir='ltr'><strong>m.</strong></span> <span class='ocrx_word' id='word_1_242' title='bbox 894 3339 920 3395; x_wconf 89' lang='lat' dir='ltr'><strong>d.</strong></span> <span class='ocrx_word' id='word_1_243' title='bbox 944 3344 1024 3408; x_wconf 87' lang='lat' dir='ltr'><strong>poter</strong></span> <span class='ocrx_word' id='word_1_244' title='bbox 1046 3343 1087 3394; x_wconf 82' lang='lat' dir='ltr'><strong>uel</strong></span> <span class='ocrx_word' id='word_1_245' title='bbox 1105 3340 1307 3397; x_wconf 89' lang='lat' dir='ltr'><strong>Dein..mibi</strong></span> 
     </span>
     <span class='ocr_line' id='line_1_31' title="bbox 160 3420 1307 3489; baseline 0.003 -16"><span class='ocrx_word' id='word_1_246' title='bbox 160 3421 210 3474; x_wconf 91' lang='lat' dir='ltr'><strong>illc</strong></span> <span class='ocrx_word' id='word_1_247' title='bbox 232 3422 250 3473; x_wconf 82' lang='grc' dir='ltr'><strong>-ί,</strong></span> <span class='ocrx_word' id='word_1_248' title='bbox 275 3439 310 3472; x_wconf 90' lang='lat' dir='ltr'><strong>m.</strong></span> <span class='ocrx_word' id='word_1_249' title='bbox 335 3421 360 3475; x_wconf 89' lang='lat' dir='ltr'><strong>d.</strong></span> <span class='ocrx_word' id='word_1_250' title='bbox 384 3422 520 3475; x_wconf 77' lang='lat' dir='ltr'><strong>Lreclesius</strong></span> <span class='ocrx_word' id='word_1_251' title='bbox 543 3420 727 3475; x_wconf 81' lang='lat' dir='ltr'><strong>Siudemundi</strong></span> <span class='ocrx_word' id='word_1_252' title='bbox 749 3420 826 3476; x_wconf 60' lang='lat' dir='ltr'><strong>Seleu</strong></span> <span class='ocrx_word' id='word_1_253' title='bbox 847 3438 876 3489; x_wconf 81' lang='lat' dir='ltr'><strong>p.</strong></span> <span class='ocrx_word' id='word_1_254' title='bbox 898 3424 941 3474; x_wconf 83' lang='lat'><strong>35.</strong></span> <span class='ocrx_word' id='word_1_255' title='bbox 975 3421 1080 3474; x_wconf 81' lang='lat' dir='ltr'><strong>Parcus</strong></span> <span class='ocrx_word' id='word_1_256' title='bbox 1103 3439 1136 3474; x_wconf 78' lang='lat' dir='ltr'><strong>cc·</strong></span> <span class='ocrx_word' id='word_1_257' title='bbox 1159 3439 1182 3476; x_wconf 82' lang='lat' dir='ltr'><strong>o.</strong></span> <span class='ocrx_word' id='word_1_258' title='bbox 1207 3426 1246 3475; x_wconf 67' lang='lat'><strong>82</strong></span> <span class='ocrx_word' id='word_1_259' title='bbox 1265 3423 1307 3476; x_wconf 91' lang='lat' dir='ltr'><strong>uti</strong></span> 
     </span>
     <span class='ocr_line' id='line_1_32' title="bbox 161 3499 1307 3568; baseline 0.002 -15"><span class='ocrx_word' id='word_1_260' title='bbox 161 3501 276 3554; x_wconf 78' lang='lat' dir='ltr'><strong>asciscit.</strong></span> <span class='ocrx_word' id='word_1_261' title='bbox 306 3500 397 3568; x_wconf 81' lang='lat' dir='ltr'><strong>Atque</strong></span> <span class='ocrx_word' id='word_1_262' title='bbox 413 3501 465 3554; x_wconf 90' lang='lat' dir='ltr'><strong>hoo</strong></span> <span class='ocrx_word' id='word_1_263' title='bbox 481 3516 591 3568; x_wconf 90' lang='lat' dir='ltr'><strong>quoque</strong></span> <span class='ocrx_word' id='word_1_264' title='bbox 607 3499 692 3554; x_wconf 87' lang='lat' dir='ltr'><strong>etiam</strong></span> <span class='ocrx_word' id='word_1_265' title='bbox 706 3500 745 3552; x_wconf 90' lang='lat' dir='ltr'><strong>mi</strong></span> <span class='ocrx_word' id='word_1_266' title='bbox 760 3499 808 3553; x_wconf 90' lang='lat' dir='ltr'><strong>ille</strong></span> <span class='ocrx_word' id='word_1_267' title='bbox 821 3500 970 3554; x_wconf 80' lang='lat' dir='ltr'><strong>Fruterius</strong></span> <span class='ocrx_word' id='word_1_268' title='bbox 985 3501 1026 3553; x_wconf 96' lang='grc' dir='ltr'><strong>ΙΙ</strong></span> <span class='ocrx_word' id='word_1_269' title='bbox 1033 3505 1070 3555; x_wconf 72' lang='grc'><strong>21)</strong></span> <span class='ocrx_word' id='word_1_270' title='bbox 1133 3500 1307 3555; x_wconf 81' lang='lat' dir='ltr'><strong>inmundatis</strong></span> 
     </span>
     <span class='ocr_line' id='line_1_33' title="bbox 159 3579 1308 3648; baseline 0.002 -15"><span class='ocrx_word' id='word_1_271' title='bbox 159 3581 223 3633; x_wconf 81' lang='lat' dir='ltr'><strong>BE</strong></span> <span class='ocrx_word' id='word_1_272' title='bbox 312 3585 354 3633; x_wconf 83' lang='lat'><strong>82.</strong></span> <span class='ocrx_word' id='word_1_273' title='bbox 378 3579 416 3633; x_wconf 92' lang='lat' dir='ltr'><strong>Vt</strong></span> <span class='ocrx_word' id='word_1_274' title='bbox 435 3582 649 3648; x_wconf 79' lang='lat' dir='ltr'><strong>conquaestores</strong></span> <span class='ocrx_word' id='word_1_275' title='bbox 676 3583 724 3648; x_wconf 84' lang='lat' dir='ltr'><strong>qui</strong></span> <span class='ocrx_word' id='word_1_276' title='bbox 741 3598 761 3634; x_wconf 87' lang='lat' dir='ltr'><strong>s.</strong></span> <span class='ocrx_word' id='word_1_277' title='bbox 782 3582 819 3635; x_wconf 86' lang='lat' dir='ltr'><strong>ud</strong></span> <span class='ocrx_word' id='word_1_278' title='bbox 838 3598 860 3634; x_wconf 86' lang='lat' dir='ltr'><strong>o.</strong></span> <span class='ocrx_word' id='word_1_279' title='bbox 881 3586 931 3634; x_wconf 79' lang='lat'><strong>65:</strong></span> <span class='ocrx_word' id='word_1_280' title='bbox 959 3581 998 3634; x_wconf 90' lang='lat' dir='ltr'><strong>Vt</strong></span> <span class='ocrx_word' id='word_1_281' title='bbox 1012 3581 1213 3648; x_wconf 83' lang='lat' dir='ltr'><strong>conquisitores</strong></span> <span class='ocrx_word' id='word_1_282' title='bbox 1242 3581 1308 3635; x_wconf 85' lang='lat' dir='ltr'><strong>libri</strong></span> 
     </span>
    </p>
   </div>
   <div class='ocr_carea' id='block_1_4' title="bbox 159 3677 1307 4542">
    <p class='ocr_par' dir='ltr' id='par_1_9' title="bbox 159 3677 1307 4388">
     <span class='ocr_line' id='line_1_34' title="bbox 161 3677 1306 3748; baseline -0.001 -16"><span class='ocrx_word' id='word_1_283' title='bbox 161 3685 224 3747; x_wconf 92' lang='lat' dir='ltr'><strong>(con</strong></span> <span class='ocrx_word' id='word_1_284' title='bbox 243 3697 264 3734; x_wconf 89' lang='lat' dir='ltr'><strong>s.</strong></span> <span class='ocrx_word' id='word_1_285' title='bbox 282 3695 307 3733; x_wconf 87' lang='lat' dir='ltr'><strong>v.</strong></span> <span class='ocrx_word' id='word_1_286' title='bbox 326 3679 380 3746; x_wconf 77' lang='lat' dir='ltr'><strong>o),</strong></span> <span class='ocrx_word' id='word_1_287' title='bbox 399 3681 470 3748; x_wconf 82' lang='lat' dir='ltr'><strong>quud</strong></span> <span class='ocrx_word' id='word_1_288' title='bbox 493 3679 532 3732; x_wconf 90' lang='lat' dir='ltr'><strong>Vt</strong></span> <span class='ocrx_word' id='word_1_289' title='bbox 551 3677 750 3744; x_wconf 72' lang='lat' dir='ltr'><strong>conquisitores</strong></span> <span class='ocrx_word' id='word_1_290' title='bbox 770 3680 880 3732; x_wconf 69' lang='lat' dir='ltr'><strong>irretitur</strong></span> <span class='ocrx_word' id='word_1_291' title='bbox 899 3678 1142 3734; x_wconf 67' lang='lat' dir='ltr'><strong>huncbertus.</strong></span> <span class='ocrx_word' id='word_1_292' title='bbox 1167 3678 1220 3747; x_wconf 71' lang='lat' dir='ltr'><strong>⁶Vt</strong></span> <span class='ocrx_word' id='word_1_293' title='bbox 1240 3695 1306 3732; x_wconf 90' lang='lat' dir='ltr'><strong>cou-</strong></span> 
     </span>
     <span class='ocr_line' id='line_1_35' title="bbox 159 3757 1305 3829; baseline -0.001 -16"><span class='ocrx_word' id='word_1_294' title='bbox 159 3761 296 3829; x_wconf 88' lang='lat' dir='ltr'><strong>quistores</strong></span> <span class='ocrx_word' id='word_1_295' title='bbox 311 3759 526 3812; x_wconf 82' lang='lat' dir='ltr'><strong>Lindemuunus.</strong></span> <span class='ocrx_word' id='word_1_296' title='bbox 560 3757 767 3825; x_wconf 68' lang='lat' dir='ltr'><strong>conquisitores</strong></span> <span class='ocrx_word' id='word_1_297' title='bbox 786 3759 935 3813; x_wconf 78' lang='lat' dir='ltr'><strong>Fraterius</strong></span> <span class='ocrx_word' id='word_1_298' title='bbox 949 3759 970 3810; x_wconf 89' lang='lat' dir='ltr'><em>I</em></span> <span class='ocrx_word' id='word_1_299' title='bbox 970 3760 989 3811; x_wconf 86' lang='lat' dir='ltr'><em>I</em></span> <span class='ocrx_word' id='word_1_300' title='bbox 1001 3765 1040 3813; x_wconf 71' lang='lat'><strong>20</strong></span> <span class='ocrx_word' id='word_1_301' title='bbox 1112 3758 1305 3827; x_wconf 83' lang='lat' dir='ltr'><strong>hystrionibus</strong></span> 
     </span>
     <span class='ocr_line' id='line_1_36' title="bbox 159 3837 1258 3906; baseline 0.002 -17"><span class='ocrx_word' id='word_1_302' title='bbox 159 3840 182 3893; x_wconf 85' lang='lat' dir='ltr'><strong><em>J</em></strong></span> <span class='ocrx_word' id='word_1_303' title='bbox 228 3844 270 3891; x_wconf 83' lang='lat'><strong>83.</strong></span> <span class='ocrx_word' id='word_1_304' title='bbox 286 3839 447 3892; x_wconf 84' lang='lat' dir='ltr'><strong>mandasset</strong></span> <span class='ocrx_word' id='word_1_305' title='bbox 458 3839 608 3903; x_wconf 78' lang='lat' dir='ltr'><strong>Bentlcius,</strong></span> <span class='ocrx_word' id='word_1_306' title='bbox 622 3838 763 3892; x_wconf 78' lang='lat' dir='ltr'><strong>Lorreorrus</strong></span> <span class='ocrx_word' id='word_1_307' title='bbox 778 3838 859 3892; x_wconf 70' lang='lat' dir='ltr'><strong>Mese</strong></span> <span class='ocrx_word' id='word_1_308' title='bbox 868 3857 897 3906; x_wconf 83' lang='lat' dir='ltr'><strong>p.</strong></span> <span class='ocrx_word' id='word_1_309' title='bbox 911 3843 979 3892; x_wconf 67' lang='lat'><strong>167:</strong></span> <span class='ocrx_word' id='word_1_310' title='bbox 993 3839 1172 3892; x_wconf 84' lang='lat' dir='ltr'><strong>mandassent</strong></span> <span class='ocrx_word' id='word_1_311' title='bbox 1190 3837 1258 3891; x_wconf 80' lang='lat' dir='ltr'><strong>libri</strong></span> 
     </span>
     <span class='ocr_line' id='line_1_37' title="bbox 162 3914 1307 3989; baseline 0.001 -20"><span class='ocrx_word' id='word_1_312' title='bbox 162 3924 202 3970; x_wconf 80' lang='grc'><strong>84.</strong></span> <span class='ocrx_word' id='word_1_313' title='bbox 234 3917 321 3980; x_wconf 91' lang='lat' dir='ltr'><strong>Quiue</strong></span> <span class='ocrx_word' id='word_1_314' title='bbox 342 3917 413 3970; x_wconf 87' lang='lat' dir='ltr'><strong>alter</strong></span> <span class='ocrx_word' id='word_1_315' title='bbox 432 3935 486 3986; x_wconf 91' lang='lat' dir='ltr'><strong>quo</strong></span> <span class='ocrx_word' id='word_1_316' title='bbox 510 3919 636 3987; x_wconf 83' lang='lat' dir='ltr'><strong>placeret</strong></span> <span class='ocrx_word' id='word_1_317' title='bbox 654 3919 776 3989; x_wconf 75' lang='lat' dir='ltr'><strong>Guyctus</strong></span> <span class='ocrx_word' id='word_1_318' title='bbox 789 3918 1009 3986; x_wconf 77' lang='lat' dir='ltr'><strong>(plaecrctcum</strong></span> <span class='ocrx_word' id='word_1_319' title='bbox 1031 3918 1107 3984; x_wconf 71' lang='lat' dir='ltr'><strong>Pici:</strong></span> <span class='ocrx_word' id='word_1_320' title='bbox 1136 3916 1225 3982; x_wconf 91' lang='lat' dir='ltr'><strong>Quiue</strong></span> <span class='ocrx_word' id='word_1_321' title='bbox 1240 3914 1307 3981; x_wconf 84' lang='lat' dir='ltr'><strong>(Qui</strong></span> 
     </span>
     <span class='ocr_line' id='line_1_38' title="bbox 161 3996 1306 4067; baseline 0.002 -20"><span class='ocrx_word' id='word_1_322' title='bbox 161 4013 193 4049; x_wconf 90' lang='lat' dir='ltr'><strong>ue</strong></span> <span class='ocrx_word' id='word_1_323' title='bbox 209 3996 272 4061; x_wconf 82' lang='lat' dir='ltr'><strong>BJ)</strong></span> <span class='ocrx_word' id='word_1_324' title='bbox 292 4014 346 4063; x_wconf 90' lang='lat' dir='ltr'><strong>quo</strong></span> <span class='ocrx_word' id='word_1_325' title='bbox 362 3996 504 4065; x_wconf 87' lang='lat' dir='ltr'><strong>placerent</strong></span> <span class='ocrx_word' id='word_1_326' title='bbox 522 3999 594 4052; x_wconf 86' lang='lat' dir='ltr'><strong>alter</strong></span> <span class='ocrx_word' id='word_1_327' title='bbox 613 4000 685 4054; x_wconf 80' lang='lat' dir='ltr'><strong>libri.</strong></span> <span class='ocrx_word' id='word_1_328' title='bbox 716 3996 805 4062; x_wconf 86' lang='lat' dir='ltr'><strong>Quinc</strong></span> <span class='ocrx_word' id='word_1_329' title='bbox 824 4000 855 4050; x_wconf 89' lang='lat' dir='ltr'><strong>ut</strong></span> <span class='ocrx_word' id='word_1_330' title='bbox 873 3996 998 4067; x_wconf 86' lang='lat' dir='ltr'><strong>pluccret</strong></span> <span class='ocrx_word' id='word_1_331' title='bbox 1016 3998 1088 4050; x_wconf 86' lang='lat' dir='ltr'><strong>alter</strong></span> <span class='ocrx_word' id='word_1_332' title='bbox 1102 3997 1223 4050; x_wconf 78' lang='lat' dir='ltr'><strong>Reirisus.</strong></span> <span class='ocrx_word' id='word_1_333' title='bbox 1253 3997 1306 4060; x_wconf 91' lang='lat' dir='ltr'><strong>Qui</strong></span> 
     </span>
     <span class='ocr_line' id='line_1_39' title="bbox 160 4074 1306 4145; baseline 0.003 -18"><span class='ocrx_word' id='word_1_334' title='bbox 160 4091 215 4142; x_wconf 91' lang='lat' dir='ltr'><strong>quo</strong></span> <span class='ocrx_word' id='word_1_335' title='bbox 231 4074 356 4144; x_wconf 82' lang='lat' dir='ltr'><strong>placeret</strong></span> <span class='ocrx_word' id='word_1_336' title='bbox 370 4076 441 4129; x_wconf 86' lang='lat' dir='ltr'><strong>alter</strong></span> <span class='ocrx_word' id='word_1_337' title='bbox 457 4076 530 4129; x_wconf 84' lang='lat' dir='ltr'><strong>‘ulii’</strong></span> <span class='ocrx_word' id='word_1_338' title='bbox 547 4079 624 4145; x_wconf 77' lang='lat' dir='ltr'><strong>oprrd</strong></span> <span class='ocrx_word' id='word_1_339' title='bbox 638 4078 757 4131; x_wconf 79' lang='lat' dir='ltr'><strong>Paruum</strong></span> <span class='ocrx_word' id='word_1_340' title='bbox 811 4076 944 4131; x_wconf 86' lang='lat' dir='ltr'><strong>fecissent</strong></span> <span class='ocrx_word' id='word_1_341' title='bbox 955 4078 1026 4131; x_wconf 81' lang='lat' dir='ltr'><strong>Pius</strong></span> <span class='ocrx_word' id='word_1_342' title='bbox 1080 4082 1122 4130; x_wconf 85' lang='lat'><strong>85.</strong></span> <span class='ocrx_word' id='word_1_343' title='bbox 1145 4076 1175 4130; x_wconf 88' lang='lat' dir='ltr'><strong>V.</strong></span> <span class='ocrx_word' id='word_1_344' title='bbox 1190 4077 1306 4131; x_wconf 75' lang='lat' dir='ltr'><strong>duranci</strong></span> 
     </span>
     <span class='ocr_line' id='line_1_40' title="bbox 160 4154 1305 4225; baseline 0.002 -18"><span class='ocrx_word' id='word_1_345' title='bbox 160 4154 283 4225; x_wconf 81' lang='lat' dir='ltr'><strong>Guyetus</strong></span> <span class='ocrx_word' id='word_1_346' title='bbox 355 4155 402 4208; x_wconf 75' lang='lat' dir='ltr'><strong>llis</strong></span> <span class='ocrx_word' id='word_1_347' title='bbox 416 4156 577 4222; x_wconf 74' lang='lat' dir='ltr'><strong>bandinus,</strong></span> <span class='ocrx_word' id='word_1_348' title='bbox 592 4157 715 4225; x_wconf 73' lang='lat' dir='ltr'><strong>Scediqer</strong></span> <span class='ocrx_word' id='word_1_349' title='bbox 787 4173 835 4210; x_wconf 84' lang='lat' dir='ltr'><strong>ora</strong></span> <span class='ocrx_word' id='word_1_350' title='bbox 849 4157 1098 4212; x_wconf 80' lang='lat' dir='ltr'><strong>mentaSeuurlius</strong></span> <span class='ocrx_word' id='word_1_351' title='bbox 1109 4157 1305 4209; x_wconf 81' lang='lat' dir='ltr'><strong>Analectorum</strong></span> 
     </span>
     <span class='ocr_line' id='line_1_41' title="bbox 160 4231 1304 4305; baseline 0.002 -17"><span class='ocrx_word' id='word_1_352' title='bbox 160 4237 201 4287; x_wconf 88' lang='lat' dir='ltr'><strong>II</strong></span> <span class='ocrx_word' id='word_1_353' title='bbox 215 4240 321 4304; x_wconf 54' lang='lat' dir='ltr'><strong>:ipis</strong></span> <span class='ocrx_word' id='word_1_354' title='bbox 382 4242 424 4289; x_wconf 77' lang='grc'><strong>86.</strong></span> <span class='ocrx_word' id='word_1_355' title='bbox 446 4254 501 4303; x_wconf 89' lang='lat' dir='ltr'><strong>qua</strong></span> <span class='ocrx_word' id='word_1_356' title='bbox 521 4239 633 4305; x_wconf 88' lang='lat' dir='ltr'><strong>proptor</strong></span> <span class='ocrx_word' id='word_1_357' title='bbox 652 4236 776 4289; x_wconf 81' lang='lat' dir='ltr'><em>BDEJ</em></span> <span class='ocrx_word' id='word_1_358' title='bbox 841 4231 1059 4303; x_wconf 70' lang='lat' dir='ltr'><strong>Slirystriones</strong></span> <span class='ocrx_word' id='word_1_359' title='bbox 1078 4236 1105 4288; x_wconf 74' lang='lat' dir='ltr'><strong>J.</strong></span> <span class='ocrx_word' id='word_1_360' title='bbox 1140 4235 1304 4290; x_wconf 90' lang='lat' dir='ltr'><strong>histrionem</strong></span> 
     </span>
     <span class='ocr_line' id='line_1_42' title="bbox 160 4316 1307 4388; baseline 0.003 -21"><span class='ocrx_word' id='word_1_361' title='bbox 160 4316 281 4383; x_wconf 75' lang='lat' dir='ltr'><strong>Seediqer</strong></span> <span class='ocrx_word' id='word_1_362' title='bbox 353 4320 446 4370; x_wconf 87' lang='lat' dir='ltr'><strong>curet</strong></span> <span class='ocrx_word' id='word_1_363' title='bbox 464 4316 495 4369; x_wconf 84' lang='lat' dir='ltr'><em>E</em></span> <span class='ocrx_word' id='word_1_364' title='bbox 561 4317 610 4388; x_wconf 68' lang='lat' dir='ltr'><strong>ndi</strong></span> <span class='ocrx_word' id='word_1_365' title='bbox 627 4316 726 4371; x_wconf 88' lang='lat' dir='ltr'><strong>remini</strong></span> <span class='ocrx_word' id='word_1_366' title='bbox 744 4321 794 4382; x_wconf 83' lang='lat' dir='ltr'><strong>(an</strong></span> <span class='ocrx_word' id='word_1_367' title='bbox 813 4335 830 4368; x_wconf 90' lang='lat' dir='ltr'><strong>n</strong></span> <span class='ocrx_word' id='word_1_368' title='bbox 850 4317 1017 4377; x_wconf 78' lang='lat' dir='ltr'><strong>curemini?)</strong></span> <span class='ocrx_word' id='word_1_369' title='bbox 1036 4335 1069 4370; x_wconf 74' lang='lat' dir='ltr'><strong>cx</strong></span> <span class='ocrx_word' id='word_1_370' title='bbox 1087 4317 1307 4371; x_wconf 83' lang='lat' dir='ltr'><strong>nenrircrniniJ</strong></span> 
     </span>
    </p>

    <p class='ocr_par' dir='ltr' id='par_1_10' title="bbox 159 4394 1304 4542">
     <span class='ocr_line' id='line_1_43' title="bbox 230 4394 1304 4465; baseline 0.003 -17"><span class='ocrx_word' id='word_1_371' title='bbox 230 4400 272 4449; x_wconf 88' lang='grc'><strong>88.</strong></span> <span class='ocrx_word' id='word_1_372' title='bbox 293 4398 404 4450; x_wconf 85' lang='lat' dir='ltr'><strong>aeturus</strong></span> <span class='ocrx_word' id='word_1_373' title='bbox 424 4399 467 4450; x_wconf 86' lang='lat' dir='ltr'><strong>cst</strong></span> <span class='ocrx_word' id='word_1_374' title='bbox 486 4398 552 4452; x_wconf 73' lang='lat' dir='ltr'><strong>libre·</strong></span> <span class='ocrx_word' id='word_1_375' title='bbox 639 4396 775 4465; x_wconf 88' lang='lat' dir='ltr'><strong>iuppiter,</strong></span> <span class='ocrx_word' id='word_1_376' title='bbox 798 4412 855 4447; x_wconf 85' lang='lat' dir='ltr'><strong>us.</strong></span> <span class='ocrx_word' id='word_1_377' title='bbox 875 4395 942 4448; x_wconf 64' lang='grc' dir='ltr'><em>Η</em></span> <span class='ocrx_word' id='word_1_378' title='bbox 1024 4394 1179 4449; x_wconf 82' lang='lat' dir='ltr'><strong>comediam</strong></span> <span class='ocrx_word' id='word_1_379' title='bbox 1197 4397 1304 4461; x_wconf 56' lang='lat' dir='ltr'><strong>Buce</strong></span> 
     </span>
     <span class='ocr_line' id='line_1_44' title="bbox 159 4472 345 4542; baseline 0.011 -16"><span class='ocrx_word' id='word_1_380' title='bbox 159 4472 268 4527; x_wconf 89' lang='lat' dir='ltr'><strong>comedi</strong></span> <span class='ocrx_word' id='word_1_381' title='bbox 287 4488 345 4542; x_wconf 81' lang='lat' dir='ltr'><strong>arn)</strong></span> 
     </span>
    </p>
   </div>
   <div class='ocr_carea' id='block_1_5' title="bbox 0 0 1478 5594">
    <p class='ocr_par' dir='ltr' id='par_1_11' title="bbox 0 0 1478 5594">
     <span class='ocr_line' id='line_1_45' title="bbox 0 0 1478 5594; baseline 0 2"><span class='ocrx_word' id='word_1_382' title='bbox 0 0 1478 5594; x_wconf 95' lang='lat' dir='ltr'><strong> </strong></span> 
     </span>
    </p>
   </div>
  </div>
 </body>
</html>
