2948 5594
174 318 218 381 30
679 317 812 372 rervm
1133 320 1157 373 11
1172 328 1195 387 a,
1208 327 1294 377 41-rr

643 476 842 533 crmsrmm

174 585 293 651 Mirum
318 588 478 652 mecastbr
502 591 632 651 senecta
655 590 764 652 aetite
787 593 821 652 te
843 588 986 654 officism
1010 594 1102 656 tuom

173 693 248 757 N6n
271 694 463 758 meminisse.

657 796 831 854 Imsmmrvs

513 905 597 982 Quid
619 907 707 971 ism?

640 1062 839 1120 Gnsosmmss

550 1173 647 1257 Quia,
671 1174 699 1238 si
722 1174 824 1240 ficies
847 1180 932 1241 reete
955 1181 1015 1241 erit
1037 1177 1213 1260 commode,
1250 1193 1291 1241 reo

172 1282 223 1347 Mi
247 1283 334 1347 sinas
358 1282 468 1346 ourire
493 1281 642 1345 ancillas:
666 1283 749 1365 quse
772 1287 878 1348 meost
899 1283 1035 1349 curritis.

652 1437 830 1495 Lrsmsrrvs

172 1548 249 1634 ilus,
272 1550 407 1633 malum,
429 1549 553 1614 homini
577 1549 774 1634 seritigerulo
798 1549 873 1615 dire
896 1549 1010 1616 lubet?

642 1705 844 1762 Cssosrs'srs

297 1857 303 1866 ,
915 1790 999 1866 Quia
1022 1792 1107 1857 enim
1130 1791 1219 1855 rinioo

169 1879 237 1944 Nos
261 1884 391 1963 oportet
414 1878 565 1964 opitulari
589 1877 673 1944 filio.

652 2036 829 2091 Lrsmmrvs

726 2146 773 2210 At
795 2168 990 2230 quamquam
1014 2146 1153 2228 sinisset,

168 2251 285 2317 Nihilo
309 2254 414 2337 magis
437 2253 492 2318 ille
515 2252 645 2318 rinieust
664 2252 746 2316 mihi
768 2250 880 2337 filius,
904 2274 1001 2337 quam
1025 2274 1087 2337 ego
1110 2251 1161 2318 ilh'
1179 2256 1268 2338 pater:

172 2345 264 2423 illum
291 2359 333 2422 mi
357 2359 507 2442 eequirtst
529 2382 625 2444 quam
650 2381 701 2423 me
724 2358 772 2423 illi
796 2360 880 2445 quae
901 2358 979 2424 uolo
1004 2359 1186 2425 concidere.
1248 2372 1288 2421 sse

636 2522 837 2579 Gneosrmrs

169 2636 218 2700 'Pri
241 2639 367 2700 ecastor
390 2634 464 2716 tibi,
488 2634 600 2717 home,
623 2636 740 2699 malam
765 2658 832 2699 rem
858 2637 998 2719 quaeris:
1028 2636 1169 2719 subolet,
1196 2634 1290 2699 sintio.

651 2793 825 2846 Lrsmmrvs

165 2846 301 2950 Egone?

255 3074 314 3122 267,
334 3067 422 3122 Varro
441 3068 473 3119 cle
492 3066 509 3120 l.
525 3067 542 3120 l.
557 3064 619 3119 VII
634 3071 702 3120 104:
721 3067 821 3134 (multa
838 3067 874 3120 ob
894 3068 1058 3123 animalium
1077 3069 1193 3124 uocibus
1206 3068 1295 3123 trolsts

165 3149 194 3201 in
214 3148 340 3201 homines
361 3147 463 3216 parom
482 3163 552 3213 quae
573 3149 639 3201 sunt
658 3149 756 3216 aperta
775 3148 877 3216 partim
897 3150 1038 3203 obscura.
1055 3191 1060 3202 .
1077 3191 1083 3203 .
1099 3149 1191 3203 minus
1203 3149 1294 3218 operte,

165 3231 196 3281 ut
215 3269 220 3282 .
237 3272 243 3283 .
258 3232 277 3297 .)
301 3226 390 3281 Maeci
411 3226 547 3297 [Maccius
566 3228 637 3297 coe]
662 3227 690 3280 in
711 3227 811 3281 (lesina
833 3228 1014 3298 ofringuills
1035 3230 1129 3297 ‘quid
1149 3228 1295 3299 friguttir

253 3412 312 3461 259.
333 3407 471 3460 mecastor
486 3405 661 3460 Camerarius
679 3407 711 3460 irr
729 3412 822 3461 annot.
842 3411 951 3462 ecastor
966 3408 1031 3462 libri
1086 3411 1200 3463 senecta
1215 3410 1296 3462 oeteis

163 3492 191 3542 te
211 3488 337 3558 Iblarles.
356 3488 384 3539 te
404 3487 516 3539 senecta
534 3488 563 3553 (n
582 3502 615 3538 ex
634 3503 658 3551 c,
677 3491 709 3539 ut
726 3488 791 3554 vicl,
805 3487 843 3556 B)
861 3489 955 3542 oetote
974 3488 1040 3542 libri
1094 3491 1176 3542 tuum
1194 3487 1297 3554 lrbri(‘)

234 3574 294 3621 260.
317 3566 388 3632 Quid
408 3572 432 3620 el
452 3564 523 3628 Quia
541 3567 569 3618 B
641 3567 716 3620 reete
737 3566 800 3621 FZ.
821 3569 896 3621 certe
915 3566 1030 3622 BVEJ
1091 3572 1143 3623 sut
1160 3570 1188 3622 B
1206 3570 1235 3622 iri
1250 3582 1296 3621 rar.

162 3651 191 3703 et
214 3646 371 3701 VEJFZ
441 3645 557 3700 comode
577 3645 607 3698 F
682 3651 742 3701 261.
771 3645 816 3700 Me
844 3646 918 3700 sinos
946 3662 1042 3701 curare
1069 3648 1104 3702 B.
1135 3646 1236 3702 Curare
1261 3661 1297 3698 me

162 3729 237 3780 sinas
262 3726 407 3780 VEJFZ
491 3741 545 3792 que
565 3726 587 3779 J
593 3726 623 3778 F
711 3730 753 3780 est
771 3727 838 3781 libri
923 3727 966 3781 De
985 3728 1154 3796 perturbato
1172 3745 1252 3797 ueqroe
1267 3726 1298 3779 erl

161 3826 187 3860 v.
207 3812 264 3861 279
284 3807 461 3873 (liseripliorre
478 3806 539 3859 eicie
553 3808 645 3874 praef.
714 3811 812 3875 seseq.
834 3803 908 3870 Quid
926 3805 957 3858 F
1018 3806 1209 3877 Seutigerulo,
1226 3826 1254 3860 ru
1270 3822 1297 3858 rs

162 3903 192 3939 ro
212 3889 253 3953 (rit
272 3887 338 3951 eid.)
360 3887 396 3940 B.
418 3884 595 3954 Scurigerulo
616 3884 646 3938 F
711 3886 790 3940 iubet
815 3885 902 3939 VFZ
971 3887 1043 3951 Quis
1061 3887 1089 3940 B
1159 3887 1233 3942 enim
1248 3885 1296 3939 fflio

161 3982 211 4019 nos
232 3967 365 4035 oportetll
381 3964 520 4033 Opitulori
541 3964 623 4018 unico
642 3966 720 4020 libri:
739 3966 787 4019 ubi
805 3966 887 4020 unico
907 3972 931 4021 et
947 3965 1006 4022 filio
1020 3974 1140 4035 permut
1156 3969 1268 4022 Bolbirrs

160 4046 217 4118 liis
243 4048 280 4099 At
303 4047 331 4100 B
355 4050 401 4112 (er.
428 4053 443 4099 1
468 4047 519 4100 lili.
549 4048 623 4116 irrai.)
724 4063 882 4116 quanquam
907 4045 993 4100 BVJ
1084 4046 1184 4101 unicus
1212 4051 1251 4101 est
1275 4044 1296 4111 li

161 4127 235 4195 BF)
255 4127 322 4181 libri
337 4126 371 4196 (Ἴ
445 4132 504 4180 264.
525 4126 629 4180 nichilo
648 4126 679 4179 E
744 4127 793 4180 ille
812 4126 923 4181 unicust
940 4125 1009 4178 mihi
1029 4126 1192 4196 Gepperlus.
1211 4127 1295 4180 unicus

161 4210 203 4261 est
226 4206 274 4261 ille
300 4206 368 4261 mihi
391 4206 545 4260 BVEJZ.
569 4205 667 4260 unicus
691 4209 734 4261 est
758 4208 826 4261 mihi
849 4207 897 4261 ille
922 4206 952 4259 F
1022 4223 1075 4275 ego
1099 4206 1127 4259 Β
1147 4210 1247 4276 parlim
1269 4206 1293 4257 irr

159 4305 213 4340 ros.
235 4290 301 4354 (suit
321 4287 363 4355 ill)
378 4288 416 4356 (*)
469 4293 529 4340 265.
550 4286 618 4339 mihi
638 4290 753 4356 aequius
769 4286 877 4356 (equine
892 4285 991 4341 BVF.
1011 4301 1100 4354 equus
1115 4286 1158 4351 E)
1173 4291 1216 4341 est
1228 4284 1294 4339 libri:

159 4368 365 4421 committitis
443 4367 484 4435 illj
505 4385 538 4420 es
557 4366 605 4419 ille
629 4366 655 4420 V
728 4384 782 4435 que
802 4366 825 4420 J
830 4366 860 4420 F
934 4372 994 4421 266,
1016 4366 1089 4420 Tute
1108 4366 1141 4419 F
1213 4365 1292 4434 quode

165 4446 213 4500 VJ
217 4447 246 4498 F
315 4448 446 4502 subdolet
464 4448 493 4499 F
510 4446 545 4512 (*)
619 4452 679 4501 267,
699 4446 779 4516 Egon
799 4448 877 4501 libri.-
895 4464 964 4502 corr.
987 4447 1165 4501 Camerarius
