2948 5594
241 348 284 409 32
746 346 882 400 PLAVTI
1171 344 1185 397 1
1206 353 1233 413 1,
1253 351 1314 400 rie.
1335 350 1390 398 reo

240 508 310 574 Nec
333 510 463 594 iugulae
486 530 589 594 neque
613 511 792 592 uesperugo
816 511 919 593 neque
943 508 1099 593 uergiliae
1122 508 1283 572 occidune
1333 523 1390 572 275

242 601 292 679 [te
315 617 426 680 statim
452 622 541 681 stant
564 614 659 701 signa
681 637 785 700 neque
809 637 873 678 uox
897 617 1059 699 quoquam
1078 614 1226 679 coneedit
1248 615 1309 679 die.

271 742 416 750 --..-

313 798 373 847 275.
399 793 487 847 Varro
511 794 543 847 de
566 792 663 859 liupuc
686 792 734 845 lut.
759 788 823 842 VII
840 794 901 858 3p.
921 794 977 843 335
985 806 1039 859 squ.
1060 789 1123 858 Sp:
1147 790 1223 859 apud
1241 789 1391 843 Plautum:

243 872 367 941 ‘noque
393 872 513 942 iugula
603 869 785 925 occidunt’.
829 869 951 939 lugula
973 869 1082 939 signum
1111 870 1186 939 quod
1212 869 1314 924 Accius
1339 885 1392 939 op·

243 953 333 1020 pellet
351 952 455 1006 Oriona
473 970 556 1020 quom
576 952 628 1005 eit:
659 951 758 1005 ‘eitius
777 949 843 1002 Orio
862 948 1003 1017 putescit,
1045 949 1129 1002 huius
1148 947 1222 1018 signi
1241 952 1326 1019 ceput
1349 949 1392 1003 di-

242 1034 315 1085 citur
333 1048 367 1085 ex
386 1031 475 1087 tribus
495 1032 591 1100 stellis,
611 1049 680 1101 ques
698 1030 773 1085 infre
791 1029 863 1082 duce
882 1028 987 1094 clerae,
1009 1044 1078 1096 quae
1098 1027 1246 1097 appellant
1264 1044 1392 1095 umeros3

241 1110 313 1164 inter
337 1130 405 1180 quas
429 1112 504 1180 quod
527 1111 638 1166 uidetur
665 1111 792 1182 iugulum
820 1109 918 1175 iugula
945 1107 1027 1161 (lictu.
1074 1108 1273 1178 Vesperugo
1304 1109 1393 1163 stelle

243 1208 314 1259 quac
347 1208 461 1261 uespere
489 1193 589 1259 oritur,
621 1209 638 1245 u
666 1209 720 1261 quo
750 1206 812 1244 earn
841 1186 950 1255 Opilius
976 1186 1073 1241 scribit
1094 1186 1263 1256 vesperum
1291 1186 1393 1258 iisque

241 1271 344 1324 dicitur
357 1274 375 1333 †
389 1273 521 1325 alterum:
552 1271 670 1335 ‘Vesper
683 1269 785 1336 udest’,
805 1283 886 1335 quem
902 1263 1001 1319 Graeci
1017 1265 1115 1319 dicunt
1133 1262 1181 1319 Δί’
1198 1260 1338 1335 ἑσπέριον.
1355 1298 1391 1308 -

241 1351 318 1405 Idem
342 1350 387 1404 VI
403 1355 422 1405 2
436 1368 466 1418 p.
487 1355 541 1403 188
555 1367 599 1419 eq:
627 1366 710 1417 quom
730 1347 812 1402 stello
838 1346 928 1414 prime
946 1348 1055 1413 exorte,
1078 1363 1142 1401 sum
1162 1345 1263 1402 Graeci
1285 1349 1393 1401 uocant

244 1428 375 1500 ἕσπερον,
408 1430 497 1484 nostri
525 1428 799 1498 uesperuginem‚
831 1429 864 1480 nt
889 1427 1016 1480 Plautus:
1047 1427 1172 1496 ‘neque
1196 1443 1393 1496 uesperugo

314 1508 501 1564 occidunt'.
535 1540 567 1548 -
598 1509 676 1563 Idem
708 1507 785 1577 apud
810 1507 998 1577 Aupustinum
1025 1507 1058 1560 cte
1086 1507 1195 1561 civitate
1226 1508 1271 1561 dei
1305 1506 1396 1560 XXI

242 1598 261 1645 8
284 1596 314 1659 (t.
335 1595 399 1659 2p.
419 1594 540 1649 504.14
564 1591 603 1644 ul.
624 1586 762 1654 Domb.²).·
789 1591 832 1642 est
854 1584 884 1639 in
902 1584 991 1640 Murci
1009 1585 1142 1640 Varronis
1165 1585 1245 1640 libris
1270 1602 1393 1655 quorum

241 1670 386 1740 inscriptio
414 1671 457 1723 est
487 1668 537 1724 ‘de
566 1671 649 1739 gente
671 1667 768 1737 populi
792 1665 942 1731 Romeni',
971 1666 1046 1735 quod
1069 1666 1176 1721 eisdem
1208 1666 1301 1720 uerbis
1329 1666 1393 1733 qui·

196 1816 199 1821 ,
243 1751 293 1804 bus
312 1749 352 1802 ibi
371 1749 475 1818 legitur
498 1752 528 1811 et
551 1749 597 1802 hic
622 1764 737 1817 ponam:
766 1747 789 1801 ‘.
806 1788 833 1801 ..
854 1749 938 1802 stella
960 1747 1076 1802 Veneris
1094 1746 1282 1817 nobilissime,
1305 1761 1394 1815 quam

244 1830 360 1884 Plautus
379 1827 654 1897 uesperuginem,
679 1827 815 1880 Homerus
839 1827 982 1896 Hesperon
1005 1828 1145 1897 appellet,
1172 1825 1397 1896 pulcherrimam

243 1907 363 1961 dicens’.
400 1938 429 1945 —
467 1906 644 1972 Ceruoriuus,
680 1907 760 1960 cuius
795 1906 903 1960 libellus
940 1908 1067 1963 domuc
1098 1924 1112 1961 c
1149 1907 1272 1962 Varrone
1299 1910 1395 1977 petitu

238 1989 351 2056 plenus,
379 1986 412 2039 de
440 1985 484 2039 die
513 1986 604 2039 uetusti
631 1990 683 2051 24,
711 1990 729 2039 4
754 1988 793 2054 (p.
823 1990 875 2051 51,
904 1991 941 2041 21
969 1987 1009 2041 ed.
1037 1987 1102 2054 ll).-
1137 1989 1204 2056 post
1231 2004 1395 2057 supremam

243 2065 369 2134 sequitur
401 2081 530 2134 uespere,
563 2069 628 2120 unte
664 2066 755 2118 ortum
789 2062 897 2120 scilicet
930 2066 989 2120 eins
1024 2068 1124 2122 stellae
1157 2085 1241 2136 quam
1273 2070 1395 2124 Plautus

241 2146 518 2214 uesperuginem‚
546 2144 651 2198 Ennius
674 2160 835 2212 uesperum,
860 2144 1000 2215 Vergilius
1027 2147 1166 2216 hesperon
1191 2147 1327 2218 appellet.
1358 2180 1394 2189 —

242 2225 342 2279 Festus
363 2224 493 2293 Paulip.
515 2231 583 2290 368,
610 2230 659 2278 16:
691 2240 882 2293 uesperugo
906 2242 1005 2294 uesper
1023 2226 1114 2280 stello
1151 2226 1280 2280 Plautus:
1311 2225 1394 2283 ‘nec

203 2358 214 2377 ,
241 2321 432 2375 ucsperngo
523 2305 713 2360 ocoidunt’.
738 2338 773 2345 -
799 2304 936 2359 Osteruus
954 2322 984 2373 p.
1010 2309 1079 2359 613:
1106 2322 1257 2375 uesper..
1279 2322 1394 2375 ‚quae-

242 2383 307 2438 dem
330 2384 412 2439 stella
435 2400 506 2454 quus
531 2386 618 2439 oritur
640 2386 669 2439 in
694 2402 810 2454 uespere
835 2385 864 2436 et
891 2383 995 2437 dicitur
1021 2384 1121 2439 lucifer
1143 2385 1173 2439 in
1195 2402 1291 2450 mene,
1318 2402 1394 2455 quse

241 2463 327 2519 otiam
355 2464 401 2519 hic
428 2481 561 2535 uesperus
589 2468 619 2520 et
648 2466 718 2520 heee
745 2479 939 2533 uesperugo
968 2464 1075 2518 dieitur.
1122 2464 1239 2519 Plautus
1266 2465 1296 2537 in
1325 2469 1395 2519 Am·

239 2543 392 2613 phitrione:
429 2545 505 2599 ‘neo
533 2543 963 2614 iugulae...0ccidunt'.
989 2574 1023 2581 —
1045 2544 1123 2598 Idem
1142 2561 1173 2613 p.
1197 2550 1266 2599 618.-
1303 2562 1395 2615 uergo

240 2623 270 2676 id
299 2628 342 2678 est
369 2624 523 2689 declinerc;
547 2624 612 2677 inde
632 2623 771 2677 ...haee
799 2621 951 2691 uergiliu
978 2623 1008 2676 id
1031 2625 1073 2677 est
1098 2623 1182 2678 stello
1205 2641 1276 2693 quae
1305 2625 1395 2695 paulo

242 2704 307 2758 ente
326 2704 418 2757 lucem
442 2702 553 2759 occidit.
595 2703 725 2756 Plautus:
756 2703 882 2769 ‘neque
908 2702 1049 2770 iugules
1070 2702 1318 2758 ...occidunt'

243 2789 302 2837 276.
324 2783 435 2836 Nouius
450 2800 479 2849 p.
499 2788 563 2848 393,
586 2790 617 2836 8.·
647 2782 767 2835 stetim
786 2783 925 2850 producta
938 2782 1029 2851 primo
1047 2783 1157 2852 syllaba
1171 2799 1188 2835 e
1202 2785 1310 2851 stando,
1330 2802 1395 2857 per·

245 2858 405 2914 seuerenher
429 2866 457 2912 et
480 2862 636 2929 aequaliter
655 2859 796 2932 significet
815 2901 820 2911 .
836 2903 864 2914 ..
885 2861 1001 2915 Plautus
1020 2861 1224 2931 Amphitryone
1243 2907 1249 2920 .
1266 2906 1293 2917 ..
1314 2864 1396 2919 idem

243 2941 273 2993 in
291 2940 402 2994 eedem:
434 2940 499 2995 ‘itu
518 2986 524 2996 .
541 2984 546 2994 .
563 2985 568 2994 .
588 2943 688 3014 signe
705 2942 842 2996 omniu'.
865 2972 896 2981 —-
919 2943 996 2996 litun
1012 2960 1040 3011 p.
1056 2946 1120 3009 391,
1133 2946 1187 2998 23:
1215 2945 1308 2998 stare
1327 2960 1396 2999 con·

243 3018 341 3072 sistere
368 3018 492 3074 omnium
517 3038 651 3076 consensu
676 3019 778 3075 dicitnr
797 3062 802 3074 .
819 3065 846 3076 ..
868 3021 983 3077 Plautus
1006 3023 1222 3092 Amphitryone:
1252 3022 1320 3076 ‘ita
1341 3065 1396 3078 ...

244 3096 342 3166 signa
361 3098 484 3154 omniu'
549 3101 678 3156 Donatus
691 3102 724 3154 iu
738 3100 797 3154 Ter.
815 3101 925 3157 Phoron
947 3102 1007 3167 Vs,
1022 3108 1052 3156 7:
1076 3101 1195 3155 stetim
1215 3100 1397 3175 cupiebat]

242 3176 360 3232 statim
384 3182 532 3249 perpetuo,
556 3181 712 3251 aequaliter
735 3183 764 3234 et
788 3181 866 3248 quusi
889 3198 945 3234 uno
973 3183 1056 3235 stetu.
1094 3181 1224 3236 Plautus:
1254 3181 1323 3234 ‘itu
1344 3226 1350 3237 .
1368 3225 1398 3237 ..

244 3258 370 3327 signe’:
404 3260 433 3313 et
458 3261 545 3315 hebet
572 3260 691 3331 primurn
719 3260 841 3328 longam.
894 3261 1004 3328 quondo
1034 3264 1128 3315 cutem
1155 3260 1296 3331 significet
1325 3260 1399 3317 ilico

242 3339 293 3401 (stc
316 3336 483 3393 Ritseleelius
508 3341 557 3410 Op.
582 3347 600 3394 t.
621 3346 638 3393 4
660 3357 688 3407 p.
705 3343 762 3393 275
783 3356 836 3407 pre
858 3339 947 3405 uliud)
970 3339 1089 3409 primum
1107 3341 1222 3394 breuem
1240 3339 1338 3394 hebet.
1359 3373 1396 3381 -

245 3417 354 3472 Seruius
381 3420 412 3472 iu
440 3419 535 3489 Geory.
561 3421 581 3473 1
603 3426 676 3474 208:
713 3418 805 3471 libre
827 3420 893 3488 die]
924 3419 1009 3473 ‘die’
1037 3436 1092 3473 non
1121 3423 1165 3474 est
1191 3436 1318 3489 apocope
1343 3437 1398 3491 pro

245 3498 340 3568 ‘diei'‚
359 3500 407 3555 sed
427 3500 564 3570 regularis
582 3497 725 3570 genitiuus
745 3502 787 3553 est
802 3541 808 3551 .
824 3543 829 3553 .
847 3542 852 3552 .
868 3499 997 3568 Sequitur
1011 3499 1140 3554 Duuielis
1155 3500 1290 3554 scholion:
1308 3498 1397 3554 Pluu-

243 3581 288 3634 tns
307 3581 336 3634 in
355 3578 563 3648 Amphitrione:
594 3582 718 3648 ‘neque
737 3596 801 3633 nox
821 3622 826 3632 .
843 3621 870 3632 ..
892 3578 962 3632 die’
983 3597 1033 3647 pro
1055 3580 1133 3633 ‘diei’

245 3692 455 3699 -ῂ-ιῄι--ο

245 3741 365 3810 Pylades
449 3740 498 3794 nbi
521 3742 578 3796 eorl.
598 3741 711 3815 Geel!
792 3740 889 3792 exorta
912 3741 955 3793 cst
978 3740 1044 3792 lieri
1066 3739 1187 3809 (exortu[
1211 3738 1243 3808 J)
1331 3744 1396 3795 2⁷5.

243 3819 340 3886 Neque
362 3820 450 3873 l'urro
470 3820 536 3872 VII
548 3824 575 3884 3,
596 3821 732 3873 (leberuus
750 3836 778 3887 p.
794 3824 849 3873 618
920 3818 1016 3890 lngule¹
1035 3820 1064 3874 J.
1097 3818 1192 3887 iugulo
1211 3815 1249 3874 Εζ
1275 3818 1395 3888 iugules

244 3914 277 3950 ecc
297 3897 408 3965 uignlue
422 3898 457 3950 B.
492 3899 586 3966 sigule
602 3899 637 3952 D.
671 3898 769 3967 iugula
788 3898 877 3953 Varro
898 3898 964 3950 Vll
978 3903 994 3951 3
1067 3898 1164 3952 Priore
1178 3899 1234 3951 loco
1252 3915 1346 3973 neque
1363 3900 1395 3966 J,

244 3993 295 4030 nce
315 3977 355 4041 Ε,
381 3977 516 4029 (leheruus
534 3994 564 4045 p.
589 3984 657 4043 613,
682 3979 720 4032 Z:
747 3986 862 4049 utroque
883 3995 935 4032 neo
959 3977 1059 4032 Festus
1084 3978 1171 4031 Pauli
1247 3976 1394 4049 Vergilius

245 4073 335 4124 neque
354 4056 477 4123 (r'uyetue
548 4057 665 4123 uergilie
689 4058 758 4111 DE.
796 4058 904 4130 ui'gilie
929 4058 958 4111 J.
992 4058 1111 4111 lliutuus
1134 4059 1188 4124 des.
1213 4057 1396 4113 Hermauuus

246 4136 332 4189 Elem.
344 4152 374 4203 p.
391 4139 453 4198 191),
469 4135 632 4188 Ritselrelius
648 4137 753 4207 Proley.
768 4157 795 4207 p.
807 4144 872 4205 204,
887 4139 1024 4192 Luclrsius
1039 4138 1222 4192 Studemundi
1234 4139 1308 4194 stud.
1319 4156 1350 4207 p.
1365 4143 1389 4193 7.

245 4215 378 4283 uergilius
403 4213 568 4268 Riteetelirce
591 4215 660 4269 Noe.
680 4234 734 4272 ere.
750 4235 781 4286 p.
801 4223 863 4272 118.
902 4218 1036 4286 uergiliee
1052 4236 1171 4287 usquam
1192 4218 1348 4273 Muellerum
1360 4235 1389 4287 p.

245 4300 300 4349 694
391 4293 510 4363 occid[]t
529 4294 551 4346 ,J
640 4302 699 4351 276.
725 4298 821 4350 stetim
841 4298 852 4368 ]
872 4299 907 4364 es.
922 4297 1087 4352 Riteelreliue
1107 4299 1156 4367 Op.
1176 4304 1227 4352 tl
1240 4316 1272 4367 p.
1290 4302 1349 4354 275
1365 4302 1390 4352 et

245 4376 489 4443 lucernarum
562 4376 648 4448 stunt]
672 4376 708 4431 ccl
732 4376 844 4431 Nonius
865 4395 893 4445 p.
914 4380 967 4431 391
1059 4379 1139 4448 signe
1163 4376 1257 4432 omniu
1280 4377 1387 4433 Nouius

245 4456 287 4509 bis
359 4453 525 4524 conced[]J
594 4455 638 4509 die
654 4458 774 4522 Seuius,
790 4458 923 4527 Pylades:
950 4457 1007 4511 (liei
1023 4458 1090 4512 libri
1106 4459 1210 4525 (priore
1224 4458 1233 4510 i
1248 4459 1281 4511 iu
1294 4458 1335 4513 lu.
1349 4456 1387 4523 D)
