2948 5594
711 40 742 61 ,Ι

141 39 1207 417 E

151 825 178 880 11
199 833 223 896 s,
242 830 349 880 rs-er
657 819 800 879 cccclvi
1256 813 1299 886 '35

150 987 279 1074 Vtego
303 988 512 1072 adparentis
536 989 622 1053 lulnc
645 988 807 1053 remittam
832 987 990 1071 nuntium,
1247 1000 1298 1052 375

153 1094 217 1170 Qui
241 1097 294 1159 me
318 1095 393 1179 quid
416 1117 524 1160 rerum
547 1094 600 1160 hic
625 1095 746 1180 agitem
771 1099 804 1159 et
828 1093 903 1178 quid
927 1091 1000 1157 fieri
1020 1093 1117 1156 uelim

151 1200 247 1265 Patri
268 1223 340 1267 meo
365 1203 475 1268 ordine
499 1204 627 1266 omnem
651 1224 718 1266 rem
743 1202 820 1265 illuc
844 1200 994 1284 pe'rferat.

151 1305 249 1372 Nunc
272 1307 321 1372 ita
343 1309 495 1373 conuenit
516 1308 602 1372 inter
625 1329 676 1372 me
700 1312 798 1393 atque
817 1307 911 1390 hunc,
934 1301 1092 1391 Tindare,

152 1413 200 1477 vt
224 1417 256 1478 te
279 1417 497 1479 aestumatum
520 1416 553 1479 in
576 1399 707 1479 Alidem
730 1416 859 1478 mittam
884 1412 924 1476 rid
946 1417 1082 1497 patrem,

152 1517 189 1584 Si
212 1523 279 1584 non
302 1520 432 1603 rebitas,
455 1518 530 1586 huic
553 1527 590 1587 ut
613 1519 736 1606 uiginti
757 1521 861 1585 minas

153 1626 238 1691 Dem
262 1629 387 1712 prote.

624 1731 835 1785 Pumocsaras

415 1823 514 1888 Recte
538 1824 727 1888 conuenisse
752 1823 866 1887 sentio.

154 1928 242 1994 Nam
267 1930 360 2012 priter
384 1934 549 2013 exspectat
572 1934 629 1994 urit
653 1952 703 1994 me
728 1929 948 2013 autaliquem
972 1929 1131 2011 nuntium,

155 2033 219 2109 Qui
243 2035 320 2099 hinc
344 2036 384 2099 td
409 2058 443 2100 se
466 2037 583 2100 ueniat

648 2159 817 2212 Truuauvs

607 2229 696 2333 Ergo
720 2249 864 2312 animum
888 2249 1042 2314 aduertas
1065 2250 1150 2332 uol0,

161 2352 252 2428 Quae
275 2354 425 2418 nuntiare
443 2354 520 2420 hinc
543 2358 577 2419 tc
599 2356 675 2419 uolo
700 2356 734 2418 in
756 2355 894 2438 patriam
919 2355 959 2420 td
981 2360 1117 2439 patrem.

624 2491 839 2546 Pumocaurus

157 2583 370 2681 Bhilocrates,
393 2589 431 2649 ut
453 2585 557 2650 adhuc
580 2586 724 2650 locorum
747 2583 819 2668 feei,
842 2584 959 2649 faciam
984 2586 1110 2649 sedulo:
1250 2601 1302 2649 383

160 2692 205 2756 Vt
230 2693 445 2774 potissumum
469 2691 553 2775 quod
577 2692 609 2756 in
634 2714 701 2756 rem
725 2693 810 2755 recte
834 2691 992 2756 conducit
1014 2696 1114 2773 tuam,

160 2783 196 2861 ld
216 2803 324 2882 petam
347 2799 441 2882 idque
458 2801 633 2883 persequar
656 2799 751 2863 corde
775 2801 807 2862 et
831 2799 947 2881 animo,
971 2803 1142 2883 creatque
1164 2800 1304 2863 auribus.

653 2936 817 2990 Truuravs

161 3028 186 3092 F
188 3029 254 3093 acis
273 3030 320 3093 ita
344 3032 435 3093 utto
458 3028 563 3094 fucere
587 3032 728 3112 oportet:
751 3032 836 3092 nuuc
860 3029 1002 3091 animum
1028 3029 1179 3095 aduertas
1204 3032 1287 3097 uolo.

162 3120 317 3200 Omnium
340 3138 480 3220 primum
504 3137 644 3199 salutem
669 3133 766 3198 dicito
791 3136 886 3197 uralri
910 3137 941 3196 et
964 3135 1049 3216 patri

160 3225 205 3308 Et
230 3244 379 3329 cognatis
404 3246 436 3307 et
459 3243 487 3306 si
511 3264 605 3325 quem
630 3243 728 3305 alium
752 3241 997 3305 beneuolentcm
1022 3240 1150 3308 uideris.
1253 3261 1305 3309 390

160 3350 214 3414 Me
238 3350 290 3414 hic
313 3349 420 3414 ualere
444 3353 477 3413 et
500 3349 687 3412 seruitutem
712 3348 833 3411 se‘ruire
857 3348 931 3412 huic
954 3348 1076 3412 homiui
1101 3351 1244 3435 optume,

161 3457 229 3533 Qui
252 3479 302 3520 me
326 3457 449 3521 honore
472 3455 691 3520 honestiorem
716 3457 843 3537 se‘mper
866 3455 942 3519 fecit
965 3458 998 3519 e't
1020 3455 1106 3521 facit.

161 3583 376 3591 ..--·.---.--...-

234 3656 339 3718 3803q.
365 3650 501 3704 osbernus
519 3666 545 3717 p.
565 3654 633 3704 509.-
670 3648 791 3702 rebitarc
817 3648 914 3701 redire.
953 3647 1071 3704 Plautus
1099 3650 1142 3705 ‘si
1166 3669 1229 3706 non
1256 3669 1307 3706 rc-

160 3731 256 3785 bitas
276 3770 388 3784 .....
409 3746 469 3797 pro
487 3728 536 3782 te’

163 3840 377 3848 ...m—mm

161 3913 224 3962 375.
245 3908 373 3975 parentes
392 3922 469 3960 meos
484 3905 519 3958 B.
539 3908 669 3975 parentes
684 3907 763 3959 ceteri
835 3913 894 3962 376.
914 3906 960 3961 hic
979 3924 1028 3963 om.
1044 3906 1102 3959 ΕΖ
1153 3907 1199 3973 agi
1219 3910 1308 3960 temet

161 3988 232 4056 quid
251 3986 332 4041 B¹E.
352 3988 457 4055 agitem
477 3987 573 4052 etquid
591 3984 632 4039 132
718 3991 777 4039 377.
796 3987 935 4054 ordinem,
953 3989 1003 4042 del.
1023 4005 1065 4054 m,
1084 3986 1114 4038 Ε
1182 3985 1306 4038 omnem?

158 4068 229 4122 illuc
250 4067 277 4119 B
296 4069 327 4121 in
345 4084 431 4136 marq.
451 4066 531 4120 adu?
551 4082 609 4119 rem
629 4067 747 4133 (punctu
765 4068 849 4134 rubr„
872 4084 930 4120 rem
954 4068 1028 4121 heluo
1051 4073 1149 4120 otram.
1167 4068 1230 4135 aar.)

160 4154 223 4202 333.
246 4147 405 4202 estimatum
425 4147 490 4201 DE
561 4146 683 4200 uulidcm
703 4146 761 4198 ΓΖ
831 4152 890 4199 380.
912 4146 1015 4200 rebitas
1034 4152 1059 4200 ct
1080 4146 1111 4214 ·l·
1132 4148 1144 4198 l
1162 4145 1259 4199 redeas
1278 4146 1309 4199 ia

157 4244 246 4297 arura.
267 4228 302 4281 B.
321 4227 428 4282 reditas
448 4227 476 4280 F
480 4228 506 4279 Z
593 4226 658 4280 huic
681 4227 822 4281 Lemauos
845 4227 919 4294 Sper.
939 4228 999 4282 crit.
1016 4244 1045 4295 p.
1066 4232 1089 4280 3.
1115 4227 1170 4281 huc
1188 4228 1254 4283 libri
1272 4229 1308 4297 (³¹²)

248 4313 307 4360 381.
327 4310 413 4376 ppote
432 4308 493 4379 (sic)
513 4307 543 4359 D
615 4306 662 4360 ΡΗ
682 4324 731 4361 om.
752 4308 782 4359 E
853 4322 951 4360 censeo
966 4323 1020 4375 pro
1039 4307 1129 4361 sentio
1150 4307 1180 4360 F
1249 4313 1310 4362 383.

162 4389 297 4457 expectat
315 4388 380 4442 libri
397 4389 431 4457 ζ’)
487 4394 547 4442 383.
567 4386 638 4451 Quin
656 4387 687 4440 E
739 4404 806 4454 ergo
824 4387 953 4441 BDJF.
975 4403 1027 4456 ego
1046 4387 1105 4439 ΕΖ
1174 4394 1234 4442 385.
1253 4389 1309 4452 ΡΗΙ

163 4469 339 4522 Philocrates
357 4472 389 4522 ut
406 4468 437 4523 Z.
464 4468 638 4521 Philocrates
656 4465 717 4518 Plll
736 4468 768 4518 ut
786 4466 853 4519 ΒΕ.
878 4465 1049 4520 Philocrates
1068 4470 1100 4519 ut
1114 4467 1150 4519 D.
1171 4467 1226 4522 PH.
1242 4469 1313 4522 utF

221 4546 320 4601 setiD
387 4555 447 4602 386.
467 4547 642 4617 potissimum
656 4545 768 4599 BDEZ
821 4548 899 4599 tuum
911 4546 1194 4602 DEctBantecorr.
1251 4555 1310 4603 387.

162 4631 260 4699 petam
274 4626 359 4694 idque
374 4643 524 4696 persequor
536 4625 709 4680 Oamciurius
722 4628 804 4696 (quod
818 4628 899 4680 etium
909 4628 939 4679 ia
949 4627 977 4678 B
986 4629 1060 4693 not).
1077 4630 1171 4696 petam
1181 4629 1209 4680 id
1220 4644 1310 4695 persc-

163 4723 292 4778 quarque
312 4708 377 4761 libri
449 4724 496 4761 ore
515 4711 600 4776 atque
619 4708 732 4761 auribus
751 4707 790 4762 ss.
811 4711 894 4774 atque
914 4706 1026 4760 auribus
1045 4708 1147 4760 BDE.
1168 4709 1251 4773 atque
1271 4705 1311 4758 ui-

162 4789 243 4844 ribus
264 4789 286 4841 J
291 4787 349 4840 ΓΖ
366 4787 401 4856 (¹²)
492 4794 551 4841 388.
581 4788 662 4842 Nunc
680 4789 708 4840 B
798 4793 857 4841 383.
887 4787 972 4840 matri
992 4803 1024 4839 cr
1043 4786 1116 4854 putri
1135 4787 1171 4839 E.
1191 4784 1264 4853 patri
1284 4786 1313 4846 ct

164 4869 250 4924 matri
271 4868 301 4920 F
352 4874 412 4921 330.
432 4868 560 4937 cognatis
579 4869 609 4921 E
659 4868 850 4936 siqucmBl).
870 4883 952 4933 quem
968 4866 1085 4919 EJFZ
1128 4866 1198 4918 benc
1217 4865 1312 4918 uolen-

164 4955 223 5006 tem
240 4947 306 5002 DE
359 4953 419 5001 392.
439 4949 544 5002 honore
559 4949 746 5004 honestiorem
762 4964 795 5001 ωε
804 4946 992 5000 honestiorem
1009 4948 1113 4999 honore
1129 4944 1224 5013 (eicZ)
1240 4944 1270 4997 E
1276 4946 1312 5012 (ἢ

1068 5033 1101 5088 3*
