2948 5594
160 334 203 397 80
670 333 805 388 PLAVTI
1099 331 1138 387 IV
1157 339 1185 402 4,
1205 338 1309 388 ls-ss

162 495 309 580 Numqui
321 497 452 579 nummi,
471 519 532 580 ere,
551 496 612 560 tibi
632 496 829 580 ixciderunt,
848 495 932 580 qued
948 496 994 561 sie
1012 499 1134 561 terram
1153 495 1310 580 opitere?

163 602 246 679 Quid
269 605 328 668 u6s
351 608 418 667 tem
442 607 584 667 maestos
607 600 776 685 tristisque
801 624 871 666 esse
894 603 1085 687 cdnspieor?

162 708 238 774 Nun
262 710 367 795 placet
390 732 449 775 nes
467 711 630 774 timerest.
667 710 765 773 etiam
785 706 864 793 quid
882 709 1085 795 respondetis
1105 710 1208 775 mihi?
1259 727 1310 777 eso

640 830 830 886 Mussuoeuvs

161 902 333 989 Chryside,
357 903 467 971 occidi.

655 989 811 1046 Canusinus
882 1021 884 1024 ·

455 1082 618 1148 Fortassis
642 1087 679 1147 tu
702 1083 773 1148 sitsi
796 1080 970 1166 dempsisti
989 1084 1128 1167 purum?

640 1203 831 1257 Mussisouuvs

164 1295 247 1373 Quid
272 1298 392 1361 malum
416 1295 554 1382 purum?
581 1293 681 1361 immo
706 1317 782 1361 uero
806 1294 902 1361 nimis
926 1296 1029 1362 multo
1054 1296 1162 1362 minus
1186 1300 1284 1382 quim

1027 1426 1152 1488 parum.

659 1486 813 1542 Ousrssuvs

165 1571 247 1650 Quid
268 1573 389 1637 malum
409 1572 522 1657 igitur,
546 1572 656 1656 stulte,
680 1572 832 1656 quonism
852 1573 978 1638 occisio
1004 1573 1045 1638 ad
1064 1595 1137 1638 eum
1156 1575 1226 1638 rim
1250 1574 1308 1638 fuit

162 1679 237 1744 Mes
260 1680 381 1744 uirtute
403 1680 512 1763 persa,
535 1681 571 1741 ut
595 1680 751 1762 quantum
774 1663 881 1742 ucssles
897 1682 1027 1745 tantum
1050 1684 1209 1764 sumeres,

239 1817 269 1872 V.
289 1824 346 1873 668
363 1833 401 1886 sq.
420 1818 462 1871 ita
480 1817 622 1885 discripsit
640 1815 806 1872 Ritscteiius
824 1832 885 1871 cum
903 1817 1078 1874 Hermanno:
1097 1819 1174 1873 Num
1186 1819 1237 1887 qui
1255 1819 1306 1874 tibi

164 1897 271 1953 nummi
292 1897 465 1964 exciderunt,
490 1898 549 1964 cre,
575 1897 651 1965 quod
674 1896 714 1951 sic
736 1900 840 1953 terrum
858 1899 957 1953 tacens
979 1900 990 1968 fl
1012 1887 1155 1969 Optuere?
1174 1900 1242 1969 quid
1260 1917 1306 1954 nos

164 1983 287 2034 maestos
301 1977 446 2045 tristisque
461 1994 522 2032 esse
533 1979 695 2047 ctnspieor?
716 1978 819 2032 Veteris
828 1978 1032 2048 discriptionem
1041 1979 1307 2034 rauiuruuauru

162 2060 280 2114 Nachtr.
290 2075 320 2128 p.
336 2062 399 2114 123.
415 2059 449 2124 cf.
459 2063 601 2126 praetema
615 2058 777 2127 Spenqetins
793 2059 824 2113 T.
839 2061 928 2113 Mace.
943 2059 986 2113 Pi.
1000 2063 1054 2114 163
1129 2058 1160 2114 V.
1177 2063 1236 2115 663
1250 2076 1307 2116 con·

163 2141 256 2208 innuit
271 2139 431 2209 Spenqeiius
446 2137 693 2204 ‘Resormuorscht’
704 2155 735 2207 p.
745 2143 812 2193 345:
826 2155 902 2208 quem
916 2140 957 2193 sie
968 2137 1135 2209 dispertiunt
1144 2139 1308 2195 BODFZ:

165 2219 239 2273 Num
258 2219 306 2287 qui
325 2217 433 2272 nummi
452 2217 614 2272 exciderunt
638 2217 805 2285 (exciderint
824 2218 864 2285 F)
890 2235 936 2274 ere
960 2218 1014 2273 tibi
1033 2222 1042 2290 Ι
1061 2219 1143 2286 Quod
1161 2219 1203 2275 sie
1220 2220 1308 2289 (sitit

166 2316 260 2368 esum.
280 2300 293 2367 t
312 2299 345 2366 G)
369 2300 473 2353 terram
504 2300 620 2368 optuere
645 2298 773 2364 (obtuere
798 2298 936 2365 GRH),
970 2301 1081 2354 eundum
1105 2300 1308 2369 discriptionem

165 2378 193 2434 A
212 2379 324 2446 tatuit,
341 2380 390 2432 ubi
408 2380 440 2432 in
453 2379 548 2447 priore
565 2394 645 2433 uersu
663 2392 808 2446 unusque
826 2384 851 2433 et
868 2381 900 2433 in
916 2381 1064 2447 posteriore
1086 2382 1176 2436 medis
1198 2383 1308 2437 dutum

167 2472 182 2511 s
201 2459 327 2513 Laenius
345 2459 400 2513 sibi
417 2458 502 2529 lesere
519 2473 596 2526 posse
613 2459 689 2513 uisus
706 2465 745 2513 est
816 2475 877 2527 ere,
895 2459 949 2513 tibi
968 2459 1133 2514 exciderunt
1150 2460 1308 2531 Spenqetins

166 2540 184 2593 1.
203 2556 224 2592 s.
243 2555 264 2594 s.
284 2537 448 2593 exciderunt
471 2554 516 2592 ere
535 2537 588 2591 tibi
607 2539 673 2592 iibri
691 2554 752 2592 cum
769 2538 797 2592 A
816 2544 848 2593 ut
864 2540 919 2594 vid.
1020 2545 1080 2593 669.
1105 2553 1308 2595 ssosfflsms

161 2621 192 2673 in
223 2621 310 2674 medio
337 2636 362 2672 u.
386 2618 414 2672 A
520 2635 572 2672 uos
600 2620 660 2672 tem
689 2620 812 2672 maestos
839 2618 984 2688 tristisque
1013 2618 1169 2675 Muellerus
1195 2621 1307 2676 Nacttr.

160 2717 189 2767 p.
214 2704 275 2754 123.
304 2715 355 2752 uos
378 2701 482 2753 mestos
510 2701 643 2763 (moestos
666 2699 701 2766 Z)
731 2704 790 2753 tum
818 2699 968 2767 tristesque
997 2699 1125 2767 (tiquam
1158 2700 1255 2756 tristes
1276 2700 1307 2761 Z)

163 2779 324 2834 BCDFZ.
344 2781 416 2841 ,tum
449 2795 500 2832 uos
528 2782 651 2833 maestos
683 2778 834 2848 tristesque
867 2779 1029 2847 Spenyeiius
1057 2779 1307 2846 ‘unumunurn’

161 2879 189 2929 p.
211 2865 274 2926 316,
295 2860 325 2913 T.
349 2860 438 2914 Maec.
465 2859 511 2912 Pl.
527 2875 557 2927 p.
584 2864 645 2912 163.
665 2863 787 2914 maestos
806 2875 856 2912 uos
875 2861 932 2912 tam
953 2859 1103 2928 tristesque
1121 2861 1194 2914 idem
1214 2862 1308 2916 ibidem

236 2941 278 2994 De
297 2957 356 2994 esse
375 2955 437 2994 uoce
455 2940 569 2993 delenda
588 2942 689 3008 coqitct
707 2940 887 2993 Ritschetius:
913 2942 1029 3007 tamque
1053 2939 1150 2994 tristes
1169 2941 1241 2996 Pius

164 3025 223 3075 610.
249 3033 441 3081 uouemus,
470 3018 533 3072 dein
558 3032 787 3083 ussusiuuqusu
810 3020 907 3073 litteris
929 3021 1055 3072 omnibus
1075 3025 1187 3087 praeter
1210 3035 1265 3075 ssu
1286 3025 1308 3075 et

163 3115 237 3164 Qun)
255 3101 443 3154 incertissimis
465 3099 493 3151 A
600 3102 705 3154 temere
733 3101 783 3154 est.
813 3099 898 3153 stium
927 3099 992 3166 quid
1022 3099 1149 3154 Bruttius.
1177 3102 1308 3155 temerest

164 3181 250 3233 etium
279 3179 345 3248 quin
373 3177 431 3232 BG
457 3184 482 3232 et
506 3180 575 3246 (nisi
601 3181 674 3249 qued
703 3180 810 3233 temerii
834 3179 878 3244 D,
907 3179 1011 3232 temere
1040 3179 1084 3232 est
1111 3178 1182 3237 ΡΖ)
1203 3182 1306 3250 reliqui.

165 3265 209 3314 est
226 3263 338 3315 temere.
364 3258 408 3313 eiu
431 3257 499 3327 quin
523 3259 670 3313 Acidalius
776 3258 953 3327 respondetis
978 3256 1048 3310 mihi
1066 3257 1224 3312 Acidaiius.
1243 3256 1308 3312 mihi

163 3339 338 3409 respondetis
357 3338 516 3393 BODFZ.
536 3338 606 3392 mihi
624 3340 794 3408 respondeus
816 3338 839 3392 O
941 3338 970 3392 V.
991 3341 1053 3391 671.
1074 3339 1200 3393 6721»oe
1217 3339 1308 3392 ordire

164 3424 205 3487 A,
231 3421 407 3476 Camerarius
428 3421 460 3473 in
484 3419 601 3474 editione
623 3426 648 3473 et
671 3421 703 3473 in
726 3421 815 3474 cortice
838 3425 886 3474 set.
906 3418 1027 3472 numeris
1046 3423 1061 3471 1
1080 3423 1105 3472 et
1124 3421 1145 3472 2
1163 3421 1306 3488 appositis

164 3503 271 3555 inverso
288 3499 378 3554 BOD
385 3499 444 3552 ΓΖ
523 3505 582 3552 611.
603 3499 773 3553 Litterarum
791 3511 950 3552 cuursuuu
965 3498 1119 3566 perantiae
1137 3498 1308 3567 reliquisset

163 3582 195 3635 in
213 3582 300 3635 medio
323 3598 348 3636 u.
368 3594 382 3633 s
402 3578 510 3634 Loeuis
529 3584 722 3648 apparuerunt
739 3581 771 3634 in
790 3581 816 3631 A
903 3577 966 3633 MN.
986 3594 1036 3632 sm.
1056 3578 1123 3631 libri
1205 3575 1306 3632 Crissle

162 3664 200 3725 (et
218 3661 236 3713 h
255 3678 276 3715 s.
296 3666 321 3726 r)
340 3660 376 3713 B.
396 3658 548 3714 CHRISsle
567 3660 597 3712 D
661 3658 754 3712 tusuri
772 3659 802 3711 D
866 3664 926 3711 672.
946 3669 1144 3720 QUAMPABUM
1163 3659 1196 3712 in
1212 3658 1267 3725 fine
1283 3657 1306 3711 A

266 3739 330 3793 MN.
354 3757 403 3793 oni.
429 3739 489 3793 ΕΖ
595 3739 667 3804 Quid
686 3738 858 3793 Ritscirelius.
884 3737 946 3803 Qus
966 3742 1003 3805 (et
1021 3738 1030 3791 i
1049 3755 1110 3806 sup.
1130 3741 1162 3805 a)
1186 3738 1223 3792 B.
1246 3739 1307 3807 quis

166 3817 289 3872 ΟΜΖ.
315 3818 366 3882 Qui
392 3818 574 3873 Camerarius.
600 3817 689 3884 Quam
711 3819 883 3873 Friteschius
905 3818 990 3873 Anat.
1013 3818 1223 3882 P1.(a.1seer
1243 3822 1305 3887 Μ

253 3914 351 3966 pssum
372 3897 436 3951 MN.
456 3898 542 3954 immo
562 3898 621 3952 FZ
707 3899 790 3953 nimis
808 3899 897 3952 multo
916 3898 1007 3952 minus
1026 3915 1111 3966 quam
1131 3914 1232 3967 parum
1250 3898 1307 3951 Ru

165 3978 287 4032 schelius.
307 3978 393 4032 nimio
413 3978 503 4033 minus
523 3980 613 4034 multo
628 3997 727 4047 parum
747 3980 819 4033 tisri.
839 3977 925 4031 nimio
939 3977 1031 4031 minus
1049 3975 1141 4032 multo
1160 3994 1193 4031 sc
1213 3994 1305 4048 parum

165 4059 350 4114 Hermanuus.
379 4060 465 4113 nimio
494 4060 577 4113 nimis
601 4060 690 4114 mults
716 4074 814 4128 parum
838 4058 959 4112 Breaius
982 4058 1056 4112 Nou.
1079 4058 1177 4113 annai.
1201 4058 1254 4112 cel.
1272 4055 1310 4110 01

164 4142 202 4205 (a.
223 4143 308 4206 1870)
324 4156 354 4208 p.
375 4140 492 4206 76361Ι
513 4140 685 4205 Fraessdcrf
698 4141 730 4194 ce
748 4156 832 4207 comp.
855 4156 882 4206 p.
904 4143 939 4192 10
958 4142 983 4192 et
1008 4136 1148 4193 Vetissus
1169 4138 1306 4193 ‘Menate-

164 4220 290 4274 berictte’
312 4239 337 4275 a.
358 4226 476 4288 188121.
498 4225 553 4274 319
634 4226 692 4273 613.
712 4233 851 4273 usurum
870 4220 901 4271 iu
918 4219 973 4284 fine
991 4218 1019 4272 A
1095 4217 1153 4272 CH.
1173 4220 1241 4273 adet.
1261 4218 1308 4272 Oa·

163 4303 298 4353 merarius
370 4299 475 4353 mulum
495 4300 583 4368 igitur
601 4299 774 4353 Ritscheiius.
799 4298 884 4368 igitur
899 4299 972 4352 iibri.
991 4297 1080 4367 igitur
1097 4301 1131 4351 tu
1144 4298 1265 4353 Bruttius

164 4379 212 4446 qffi
230 4380 265 4432 B.
285 4380 383 4449 quei)
489 4385 548 4433 614.
573 4392 820 4447 ΡΑΒΤΑΛυΤρυΛΝ
843 4395 893 4432 suo
916 4380 972 4432 loce
997 4383 1023 4432 et
1041 4379 1073 4431 iu
1089 4379 1146 4445 fine
1162 4390 1308 4444 suususs,

163 4461 210 4514 sert
227 4461 276 4513 hoc
294 4461 392 4515 litteris
410 4461 598 4515 incertissimis
616 4462 642 4512 A
716 4457 851 4527 sumeres]
871 4476 897 4510 m
917 4474 931 4511 e
948 4473 1017 4512 sorr.
1037 4457 1066 4510 B
