2948 5594
159 334 222 389 XlV
629 334 832 391 PRAEFATIO

163 499 333 563 tinissimis
352 497 506 583 Langeno
535 496 673 585 (‘Beitr.'
697 523 728 585 p.
752 500 783 566 5:
810 499 849 566 ef.
872 499 977 566 Plant
1001 497 1093 566 Stud.
1115 524 1149 585 p.
1175 499 1253 588 111)
1274 506 1306 567 et

160 605 287 689 Brixio,
323 607 379 690 qui
415 607 449 669 in
488 606 630 669 editione
663 611 779 690 quarta
811 608 930 691 ubique
966 607 1107 673 Validem
1146 609 1307 691 Valensque

160 712 312 797 reposuit.
355 712 403 776 Ac
427 712 508 776 mihi
532 734 658 796 quoque
684 714 761 778 olim
787 714 896 778 arrisit
919 714 1113 799 coniectura,
1134 715 1202 780 nisi
1225 714 1306 801 quod

159 819 257 903 plane
280 820 451 883 evanuisse
475 819 559 901 apud
576 816 727 883 Plautum
742 820 884 884 litteram
904 820 996 885 illam
1010 842 1076 885 non
1089 825 1161 886 tam
1179 821 1305 887 facilem

160 948 256 1009 quam
287 927 322 988 in
353 924 537 990 Homericis
569 927 764 991 carminibus
799 926 993 1011 explicatum
1025 926 1175 993 haberet
1225 927 1306 993 Nam

160 1054 309 1117 perverse
342 1030 532 1116 Spengelius
562 1033 701 1118 vestigia
728 1034 817 1098 illius
845 1019 970 1098 formae
996 1034 1032 1099 in
1063 1034 1173 1100 aalide
1212 1034 1307 1119 scrip-

160 1145 235 1204 tura
254 1140 401 1224 agnovit:
419 1161 515 1223 quam
534 1140 660 1204 invecto
675 1141 806 1204 nomine
825 1162 864 1204 ex
877 1140 998 1205 fabulis
1017 1141 1195 1206 notissimo
1213 1142 1307 1206 inter-

159 1246 304 1329 polatam
332 1267 403 1309 esse
432 1246 503 1329 quis
531 1250 581 1310 est
608 1245 686 1330 quin
714 1246 856 1311 sentiat?
898 1246 980 1311 Tum
1011 1243 1191 1331 Seyffertus
1222 1246 1308 1313 dubi·

160 1352 318 1417 tationem
347 1351 385 1416 de
414 1351 475 1416 hec
507 1374 541 1417 re
572 1353 661 1416 auxit
695 1353 729 1417 in
759 1352 911 1418 editionis
942 1352 1138 1418 Brixianae⁴
1176 1375 1307 1419 censura

160 1457 274 1539 (‘Berl.
305 1458 417 1543 philol.
445 1456 690 1523 Woehensohr.'
721 1482 749 1525 a.
778 1460 864 1525 1884
894 1480 925 1542 p.
957 1459 1056 1544 1351)
1093 1460 1204 1525 tribus
1233 1460 1307 1525 locis

161 1567 278 1651 quibus
305 1566 414 1630 hiatus
443 1565 489 1629 sio
518 1565 709 1648 simpliciter
737 1570 943 1630 removeatur
969 1567 1049 1631 item
1080 1572 1150 1631 tres
1181 1567 1307 1632 obstare

161 1695 314 1759 arguens,
346 1672 401 1755 qui
434 1672 480 1736 sic
513 1671 641 1736 demum
674 1672 869 1737 immutandi
902 1669 1073 1757 fuerint*).
1128 1674 1176 1737 At
1210 1674 1306 1736 multo

161 1780 290 1864 gravius
314 1780 541 1865 argumentum
565 1779 638 1842 inde
664 1778 872 1861 repetendum
896 1800 967 1843 esse
990 1800 1117 1860 censeo,
1141 1779 1232 1863 quod
1255 1777 1306 1863 qui

160 1886 299 1950 maxime
327 1885 529 1949 coniecturae
553 1883 661 1949 favere
690 1884 862 1949 videantur
885 1885 957 1967 loci,
988 1885 1087 1949 alium
1111 1886 1225 1969 potius
1247 1907 1307 1949 me·

161 1991 265 2056 delam
289 1991 483 2075 efflagitent.
528 1990 613 2055 Nam
637 1993 741 2075 primo
767 1991 837 2057 loco
861 2014 890 2056 v.
914 1992 971 2056 26:

320 2098 500 2182 Postquam
525 2099 720 2181 belligerant
744 2097 944 2163 Aetolicum
964 2096 969 2184 Ι
991 2097 1094 2180 Aleis,
1120 2100 1129 2115 '

319 2204 366 2269 Vt
389 2206 426 2268 fit
448 2206 481 2268 in
506 2205 603 2286 belle,
627 2205 754 2287 eapitur
777 2205 860 2268 alter
882 2204 981 2268 filius:

320 2311 466 2375 Medicus
489 2311 681 2375 Menarchus
706 2312 784 2374 emit
807 2310 926 2375 ibidem
950 2312 984 2375 in
1008 2310 1113 2396 Alide,

162 2418 247 2501 quod
277 2419 422 2502 sequitur
449 2417 559 2482 ibidem
592 2440 658 2482 non
686 2417 786 2481 habet
814 2439 877 2500 quo
910 2416 1085 2499 referatur,
1117 2419 1185 2483 nisi
1216 2421 1308 2483 antes

161 2529 291 2608 praeter
314 2524 451 2607 populos
474 2524 702 2607 belligerantes
726 2524 816 2588 locus
847 2524 904 2588 ubi
926 2523 1049 2588 bellum
1074 2527 1210 2608 geratur
1231 2523 1306 2588 indi-

162 2636 264 2694 cetur:
284 2652 378 2713 quem
398 2630 623 2713 nanciscimur,
642 2632 670 2693 si
689 2631 914 2714 supplemento
930 2630 1098 2694 lenissimo
1113 2637 1192 2713 post
1210 2630 1307 2695 Aetoli

162 2738 318 2800 sumimus
341 2737 390 2801 illi
412 2737 623 2800 intercidisse.
660 2737 748 2800 ldem
773 2760 848 2802 vero
873 2736 959 2801 cadit
981 2737 1014 2799 in
1039 2738 1181 2802 alterum
1205 2738 1304 2802 locum

161 2867 191 2909 r.
215 2844 273 2907 93:

374 2948 425 3012 Ita
447 2971 531 3013 nunc
555 2949 748 3033 belligerant
773 2950 880 3013 Aetoli
904 2972 976 3014 eum
997 2949 1002 3033 Ι
1026 2949 1127 3033 Aleis,

162 3057 216 3120 ubi
241 3079 324 3140 quae
348 3062 500 3120 secuntur
518 3057 556 3120 N
556 3077 613 3120 am
630 3057 756 3120 Aetolia
778 3057 851 3120 lroee
873 3063 916 3121 est
939 3058 1017 3121 item
1036 3057 1123 3121 male
1148 3055 1302 3140 adplicen-

161 3168 224 3243 tur,
247 3163 310 3226 nisi
333 3164 367 3226 in
389 3163 480 3226 Alide
505 3162 624 3226 bellum
649 3163 771 3227 versari
795 3163 1013 3247 significatum
1037 3160 1147 3247 sir**).
1184 3162 1300 3226 Iamin

232 3349 258 3416 ⁸)
278 3349 350 3402 Nam
370 3366 394 3401 v.
415 3355 448 3400 59
474 3346 576 3401 codicis
600 3345 749 3416 vestigium
773 3345 914 3400 immerito
938 3344 1066 3415 neglexit
1085 3344 1262 3415 Spengelius,
1278 3360 1299 3394 r.

162 3433 211 3482 881
229 3427 398 3482 Validerrscm
417 3427 540 3481 scribens
560 3443 610 3495 pro
625 3428 703 3480 illum
718 3426 874 3480 Alidensem
889 3441 1043 3494 pronomen
1062 3427 1186 3480 removit
1198 3422 1298 3495 aptissi-

160 3525 244 3562 mum.
266 3508 358 3561 Minus
378 3509 452 3561 reete
473 3505 623 3575 Seyffertus
642 3507 756 3559 tertium
775 3507 867 3559 locum
887 3509 924 3574 (r.
936 3509 981 3574 94)
1001 3507 1056 3560 huc
1070 3507 1159 3561 traxit
1174 3509 1297 3574 tanquam

162 3586 220 3642 siue
239 3588 308 3641 vitio
328 3587 470 3642 traditum.

235 3668 277 3736 **)
297 3667 355 3721 lam
375 3668 461 3736 igitur
484 3684 518 3722 ex
537 3668 600 3736 ipsa
623 3665 663 3718 rei
681 3666 790 3721 ratione
809 3665 971 3735 intellegas,
996 3682 1120 3734 quonam
1144 3667 1203 3720 iure
1225 3661 1294 3718 multi

163 3745 271 3813 etipse
290 3745 357 3799 olim
374 3747 540 3816 Spengelius
560 3748 610 3800 hos
629 3746 706 3800 locos
726 3762 785 3799 sese
804 3744 924 3800 invicem
943 3746 1016 3800 tueri
1031 3745 1189 3800 clamarint
1210 3743 1292 3812 Neque

163 3824 236 3877 enim
255 3824 398 3879 Bentlcius
418 3828 485 3880 satis
505 3843 603 3880 cavere
621 3826 728 3895 potuit,
754 3841 788 3878 ne
810 3825 870 3878 ‘uni
888 3825 951 3879 loco
971 3825 1020 3892 qui
1040 3825 1227 3879 emendandus
1242 3822 1291 3876 eret

162 3921 196 3956 ex
220 3904 308 3958 altero
336 3921 424 3972 aeque
452 3908 584 3961 mendoso
613 3904 801 3975 patrocinium
829 3905 1032 3972 quaereretur'.
1076 3908 1169 3974 Atque
1192 3905 1224 3958 de
1243 3900 1288 3954 illis

162 3982 286 4036 versibus
305 3985 472 4040 sententiam
492 3988 598 4041 recoxit
616 4004 704 4056 nuper
723 3983 842 4037 Vahleni
861 3984 1017 4054 discipulus
1038 3983 1137 4038 Erious
1158 3982 1245 4038 Belou
1260 3977 1287 4031 de

162 4062 242 4116 hiatu
269 4062 399 4118 Plautino
426 4072 530 4133 quaest.
556 4068 598 4121 ed.
620 4066 709 4122 Berol.
730 4080 754 4118 a.
777 4069 844 4117 1885
865 4082 890 4132 p.
911 4070 958 4118 22:
987 4082 1072 4134 quem
1097 4082 1149 4133 par
1173 4060 1223 4116 erit
1242 4074 1285 4112 nou

136 4143 253 4215 ⁸minus
276 4146 369 4198 firmos
393 4146 495 4200 habere
519 4165 614 4201 versus
633 4153 667 4200 34
691 4149 720 4200 et
741 4150 789 4197 111
814 4143 888 4197 inter
906 4160 935 4198 se
961 4148 1149 4214 comparatos,
1174 4142 1218 4195 ubi
1233 4151 1284 4192 saue

163 4224 266 4278 nonde
283 4223 362 4277 hiatu
378 4227 479 4295 agitur,
494 4228 541 4280 sed
557 4226 592 4280 de
611 4226 725 4279 senariis
741 4224 933 4294 hypermetris.
962 4223 1114 4279 Praeterea
1128 4219 1281 4294 spengdium

161 4303 264 4356 dudum
284 4304 400 4359 meliora
423 4306 553 4359 edoctum
577 4305 796 4373 edocentemque
817 4309 891 4369 (cum
911 4305 1054 4376 Vesingio)
1077 4304 1128 4359 ille
1146 4302 1234 4357 ducem
1249 4312 1280 4349 se

161 4382 255 4449 quitur
273 4385 371 4437 eodem
391 4385 487 4451 modo,
511 4401 566 4453 quo
586 4384 742 4454 Geppertus
764 4385 801 4437 ad
822 4383 1009 4454 Kampmanni
1031 4383 1164 4440 tirocinia
1184 4383 1217 4436 ab
1231 4377 1277 4446 ip⁶⁰

161 4462 272 4517 abiecta
294 4465 361 4518 olim
385 4482 414 4518 se
438 4463 644 4533 adplicuverat:
672 4464 746 4519 unde
770 4466 846 4518 olare
869 4465 1066 4533 cognoscimus
1091 4462 1220 4520 tironibus
1234 4456 1278 4511 eim
