2948 5594
166 321 230 385 112
281 292 292 315 '
689 322 823 378 meum
988 324 1027 380 iv
1045 331 1071 395 o,
1089 329 1213 395 a-oe
1233 332 1279 392 ιο,
1302 334 1316 380 ι

165 483 260 549 Nunc
283 485 396 550 alteris
419 485 517 549 etiam
541 487 685 551 ducentis
708 489 787 552 daus
811 490 874 571 est,
896 487 952 571 qui
974 485 1204 572 dispensentur

165 574 227 656 [lio
251 596 359 676 capto,
382 595 419 656 dt
443 593 485 656 sit
509 591 650 657 mulsum
673 590 732 678 qui
751 592 954 677 triumphent
977 591 1108 662 mssites.

165 697 227 763 Sed
246 696 394 763 Priamus
413 699 465 763 hic
485 699 589 763 multo
607 696 657 763 ssli
675 702 834 784 praestat:
858 700 922 764 non
943 699 1185 785 quinquaginta
1208 701 1315 785 modo,

164 802 405 888 Quadrigentos
435 805 520 870 filios
550 805 649 870 habet
677 810 773 891 atque
801 806 949 891 equidem
977 807 1083 873 <imnis
1111 807 1215 874 lectos
1244 806 1316 873 sine

1085 915 1224 998 probro:

164 1018 231 1084 Eos
255 1021 315 1105 ego
338 1019 433 1084 hodie
457 1020 563 1084 omnis
586 1021 805 1086 contruncabo
829 1016 954 1086 duobus
978 1021 1056 1086 eolis
1080 1019 1211 1086 ictibus.
1262 1038 1314 1086 aas

165 1124 259 1190 Nunc
282 1123 413 1191 Priamo
437 1131 549 1192 nostro
569 1124 629 1191 siet
652 1127 723 1211 quis
747 1132 888 1212 emptor,
910 1127 1184 1212 coemptionalem
1204 1151 1314 1195 senem

165 1231 312 1297 Vendam
335 1235 410 1318 e‘go,
437 1232 586 1298 uenalem
613 1254 710 1317 quem
732 1232 852 1317 habeo,
880 1234 1042 1318 extemplo
1071 1235 1128 1300 ubi
1156 1233 1314 1319 oppidum

975 1342 1216 1427 expugnetuero.

165 1445 227 1512 Sed
256 1444 421 1512 Priamum
448 1446 632 1513 adstantem
660 1468 770 1512 eccum
797 1449 874 1511 ante
901 1451 1032 1531 portam
1060 1446 1166 1514 uideo.
1218 1448 1314 1514 adibo

926 1559 1022 1639 atque
1045 1552 1217 1640 idioquar.

626 1645 838 1654 ——a

459 1756 714 1867 m‘convavs.
759 1768 1024 1835 onnassnvs·

654 1888 813 1944 Nicosvuvs

164 1980 344 2058 Qudianam
367 2003 430 2047 uox
453 1983 554 2066 prope
579 2002 629 2045 me
652 1980 770 2046 sonat?

655 2101 812 2157 Onasssnvs

770 2194 797 2259 0
821 2191 991 2259 Nicobule.

165 2362 295 2432 promisit
312 2363 401 2418 dabit.
420 2378 493 2416 nunc
512 2359 609 2415 alteris
628 2360 715 2415 etiam
733 2378 800 2416 usus
820 2362 876 2429 est,
897 2363 908 2430 9
935 2358 989 2426 Qui
1007 2361 1207 2431 dispensentur
1223 2366 1258 2418 ut
1274 2363 1312 2417 sit

163 2442 284 2496 mulsum
307 2442 355 2511 qui
377 2441 553 2511 triumphent
576 2440 691 2495 milites'
721 2441 903 2497 Ite'tccltcliee:
931 2442 1060 2497 lacunam
1083 2443 1204 2497 reiciunt
1227 2444 1308 2498 cidem

167 2521 387 2589 Studemandae,
410 2522 585 2591 Spmpeltae,
610 2520 799 2592 Kieeete'aptas
817 2523 884 2577 locta
901 2536 970 2590 qaae
986 2539 1011 2576 o.
1031 2526 1088 2577 969
1106 2524 1311 2578 commemorati

233 2602 306 2656 Aatc
321 2603 396 2668 Quos
411 2603 443 2656 la
456 2600 484 2654 B
502 2606 572 2669 apat.
592 2601 655 2655 circ.
671 2604 689 2654 5
707 2601 862 2657 litterarum
933 2606 994 2656 991.
1010 2606 1071 2657 999.
1087 2602 1136 2670 qui
1150 2602 1309 2671 dispensen-

162 2683 208 2735 tur
231 2686 240 2752 ῃ
263 2682 315 2737 Ilio
340 2684 422 2751 capto
447 2681 525 2748 libri,
548 2680 766 2747 senescentes,
791 2682 975 2753 Kteseliapias
994 2684 1041 2749 (cf.
1061 2699 1085 2737 o.
1104 2686 1185 2751 970),
1205 2683 1308 2739 Bruct-

162 2778 282 2816 manaae
295 2779 326 2831 p.
343 2767 411 2817 110.-
429 2761 512 2829 aapto
532 2759 583 2815 llio
597 2762 607 2830 l
621 2760 670 2827 qui
689 2759 884 2831 dispensentur
903 2779 964 2817 cam
982 2763 1114 2817 Acidalio
1133 2761 1308 2830 mactatas,

161 2844 299 2896 adnotans
323 2843 455 2898 librarum
478 2843 645 2910 secutarem
672 2843 721 2909 qai
742 2843 857 2897 rainere
879 2844 958 2909 uelit,
985 2859 1043 2898 non
1063 2859 1143 2912 posce
1168 2860 1226 2899 aaa
1243 2845 1309 2898 dua

161 2923 311 2978 trochaicus
340 2923 531 2989 (acatalmtem
554 2938 615 2976 cam
638 2923 807 2989 catalectico)
835 2939 980 2991 apaoecere
1003 2925 1044 2978 sic
1062 2924 1199 2992 pauculis
1220 2929 1307 2978 trane

160 3003 272 3071 poeitie:
295 3002 377 3056 Nunc
394 3002 481 3056 etiam
503 3000 600 3056 altena
623 3001 765 3057 ducentis:
789 3003 824 3070 cs.
846 3001 961 3075 Purerp.
985 3021 1012 3072 p.
1031 3007 1094 3059 425.
1124 3004 1207 3058 Nune
1230 3005 1308 3058 attris

163 3082 250 3136 etitem
270 3081 421 3136 Muellerus
438 3081 553 3136 Nectite.
571 3098 599 3150 p.
620 3087 657 3136 99
729 3082 905 3152 dispensetur
924 3081 1014 3137 ODZ
1087 3084 1271 3154 Intercepta
1284 3090 1307 3137 et

164 3166 196 3216 ut
214 3160 330 3217 aasak
353 3164 385 3216 ia
402 3163 431 3217 B
538 3161 715 3232 triumphant
735 3166 771 3229 (et
789 3180 804 3216 o
822 3179 883 3231 sup.
903 3167 934 3230 u)
959 3164 987 3217 D
1096 3169 1158 3219 993.
1179 3162 1307 3219 Petamus

161 3242 386 3298 Brachmatmae:
405 3242 439 3308 cs.
456 3246 510 3296 933
578 3244 687 3311 prestat
701 3242 764 3295 BD
817 3247 877 3297 994.
894 3242 1102 3312 Quadrigentas
1122 3247 1168 3308 (at
1182 3261 1208 3298 o.
1223 3248 1304 3303 1183)

161 3317 342 3378 Schneiderae
355 3322 744 3392 pramm.lat.elem.1p.735
760 3321 855 3376 Reiec'o
864 3322 939 3377 duce.
957 3319 1186 3391 Quadringentoe
1196 3324 1263 3380 ates·

159 3407 244 3471 atque
259 3401 389 3471 equidem
404 3402 494 3455 omnis
505 3403 577 3456 libri.
593 3406 678 3472 atque
689 3402 779 3457 omnis
789 3417 850 3456 cam
860 3401 1021 3456 Hecataeone
1031 3400 1209 3459 Ritecheliue.
1225 3407 1306 3472 atque

160 3482 290 3550 equidem
304 3482 517 3536 Braclemanaae
531 3499 561 3551 p.
573 3486 635 3536 110.
650 3483 754 3549 confert
769 3481 935 3537 Ritsctteltae
950 3481 1057 3550 Prolep.
1068 3498 1099 3550 p.
1110 3482 1206 3537 LXX
1212 3484 1307 3539 VIII:

160 3568 190 3615 ut
208 3563 269 3617 eide
287 3562 466 3617 Ribbeclciam
484 3563 517 3616 de
531 3569 606 3631 part.
623 3580 653 3631 p.
673 3567 710 3616 40
817 3562 884 3615 Post
904 3560 991 3617 lectos
1009 3578 1126 3627 rasura,
1146 3569 1212 3619 ante
1229 3582 1307 3634 quaa

160 3642 221 3697 sine
239 3645 371 3712 scriptam
389 3648 448 3697 erat
520 3643 608 3712 probo
628 3643 654 3696 Z
723 3641 865 3699 tta-offis
881 3642 943 3696 01).
964 3656 1060 3696 omnes
1076 3641 1138 3695 ΓΖ
1208 3650 1270 3699 996.
1284 3643 1306 3698 si

163 3724 274 3789 emptor
293 3728 349 3789 est,
369 3723 604 3791 coemptionalem
624 3723 804 3778 Hmaanaae
876 3724 899 3777 si
919 3725 961 3777 est
979 3722 1046 3776 libri
1118 3724 1203 3792 eptor
1220 3728 1257 3789 (et
1270 3742 1303 3777 m.

160 3806 303 3868 capace.)
324 3801 347 3855 O
404 3803 619 3872 comptionalem
640 3809 704 3858 ante
722 3819 791 3858 corr.
811 3804 852 3870 B,
870 3804 926 3857 cod.
947 3801 1096 3870 Scaliaeri:
1115 3819 1131 3856 e
1151 3805 1216 3859 add.
1231 3807 1263 3858 in
1280 3804 1306 3858 B

160 3881 251 3933 eadem
261 3898 366 3936 atauus.
383 3883 562 3951 comptialem
573 3885 613 3937 vel
623 3882 745 3952 coptiule'¹
758 3883 820 3938 01).
832 3881 1007 3937 comicialem
1019 3881 1049 3935 F
1054 3882 1081 3934 Z
1126 3889 1188 3939 999.
1199 3883 1305 3938 habebo

163 3957 218 4012 OD
308 3964 622 4031 ettemploD¹:corr.
642 3962 789 4017 D²et1>³
879 3961 993 4032 opidum
1012 3963 1048 4027 (et
1068 3981 1087 4031 p
1105 3978 1168 4031 sap.
1187 3968 1253 4031 scr.)
1271 3963 1305 4018 1).

160 4038 276 4108 opidum
296 4041 326 4094 F
414 4059 607 4113 expurgauero
626 4045 653 4098 Z
740 4047 799 4097 998.
824 4043 984 4098 adstantem
1003 4059 1101 4097 eccum
1120 4043 1158 4097 Β.
1179 4044 1304 4100 adstante

160 4138 267 4176 mecum
289 4120 353 4175 01).
373 4125 512 4177 astantem
533 4141 628 4178 eccum
648 4122 712 4176 Fa
818 4121 901 4177 uideo
922 4122 988 4177 Fa.
1008 4122 1111 4178 uidebo
1131 4123 1222 4178 Bon

159 4201 217 4256 alto
239 4219 288 4256 uar
307 4202 334 4254 Z

219 4219 289 4346 (tlte.
310 4291 405 4345 Novae
423 4308 537 4347 scaenae
554 4294 667 4347 Initium
685 4294 750 4359 fece't
769 4293 936 4348 Re'tsclteltus
954 4298 1052 4348 eontra
1071 4293 1158 4349 Keroe
1219 4264 1225 4268 ..
1243 4295 1304 4351 Per·

158 4386 289 4424 sonarum
311 4373 425 4425 nentina
447 4387 531 4440 usqae
554 4374 591 4426 ad
614 4390 638 4427 v.
667 4378 725 4428 986
750 4391 800 4428 am.
825 4372 907 4427 012¹:
930 4373 993 4427 add.
1020 4372 1063 4427 D*
1173 4374 1305 4431 Ouianam

160 4446 243 4516 (Ouia
255 4468 320 4504 nam
337 4451 370 4519 O)
390 4452 456 4507 libri
511 4469 563 4507 uox
578 4468 664 4522 prope
679 4468 724 4508 me
738 4455 822 4508 sonat
835 4454 908 4508 libri.
927 4467 1016 4522 prope
1030 4469 1075 4508 me
1090 4456 1176 4509 sonat
1193 4470 1247 4510 uox
1260 4454 1304 4510 hic
