2948 5594
159 340 225 395 VIII
625 336 833 394 PRAEFATIO

163 540 200 549 -
217 501 366 567 Ceterum
382 499 482 565 fontis
502 522 598 585 aquo
612 498 642 564 B
657 500 752 565 fluxit
770 498 999 584 antiquitatem
1016 499 1118 565 etiam
1134 499 1156 564 lt
1174 500 1304 567 litterae

161 631 220 694 pro
243 609 264 672 h
287 609 413 692 positae
435 610 470 673 in
493 608 602 693 priore
625 608 832 691 potissimum
855 606 985 673 fabulae
1008 612 1100 691 parta
1122 606 1308 692 frequentia

160 715 283 799 prodit:
306 738 382 780 nam
401 738 466 781 non
486 715 551 779 alia
570 715 674 779 forma
693 715 756 778 nisi
774 713 836 778 bac
854 711 884 778 K
904 712 1156 780 Ambrosianum
1175 715 1226 779 uti
1247 736 1307 779 suo

163 822 234 887 loeo
256 845 361 905 nuper
383 821 548 887 annotavi.

249 928 356 1012 Ipsius
384 933 492 994 aulem
516 925 542 992 B
572 927 689 993 codicis
718 927 961 1012 scripturaeque
988 927 1022 992 in
1044 948 1083 993 eo
1111 949 1227 1012 reapse
1255 949 1307 993 ex-

161 1036 279 1100 stantis
308 1035 472 1121 ignoratio
500 1057 565 1099 una
593 1040 644 1099 est
671 1056 782 1099 earum
811 1056 997 1117 causarum,
1027 1035 1158 1120 quibus,
1189 1039 1228 1100 ut
1254 1036 1307 1101 vel

161 1142 372 1208 Godofredi
383 1142 594 1208 Hermanui
608 1142 779 1226 Ingeniosa
788 1163 888 1226 opera
902 1142 936 1206 in
945 1141 1163 1227 perpoliendis
1173 1138 1307 1207 Bacchi-

160 1250 254 1314 dibus
291 1251 399 1334 posita
435 1249 631 1333 relinqueret
672 1248 758 1333 quod
795 1248 959 1313 emendari
994 1269 1091 1337 posse
1128 1247 1307 1328 videratur,

116 1350 123 1365 ⁹
161 1357 311 1422 effectum
335 1360 393 1421 est.
444 1354 521 1420 Alia
549 1377 646 1421 causa
673 1378 690 1419 e
723 1355 903 1439 prosodiaci
936 1356 1063 1439 generis
1090 1355 1307 1440 ambiguitate

165 1465 339 1550 repetenda
362 1469 420 1529 est
466 1463 503 1527 Iu
532 1485 594 1547 quo
623 1484 695 1527 cum
723 1463 779 1527 ille
807 1462 943 1527 mirifico
971 1482 1035 1546 quo
1063 1460 1225 1545 pollebat,
1250 1461 1307 1526 sed

162 1570 265 1637 eidem
297 1572 467 1655 aliquoties
500 1570 713 1635 fastidiosiori
747 1569 874 1635 aurium
905 1568 1025 1634 iudicio
1057 1568 1308 1652 obtemperaret,

161 1678 223 1741 etsi
250 1700 415 1763 nunquam
444 1699 510 1743 nou
544 1676 806 1761 elegantissimos
838 1698 990 1740 numeros
1023 1674 1165 1741 effinxit:
1200 1678 1309 1739 tamen

160 1805 236 1869 ege,
259 1807 334 1850 cum
357 1807 423 1850 non
446 1807 574 1869 possem
597 1805 663 1848 non
688 1805 742 1849 eas
765 1784 910 1849 rationes
933 1781 1040 1867 sequi,
1067 1783 1108 1846 ad
1131 1804 1214 1867 quaa
1235 1803 1308 1867 pro·

162 1892 326 1957 sodiacam
347 1891 551 1975 disciplinam
570 1913 700 1955 omnem
723 1892 756 1955 in
777 1888 1020 1975 Prolegomeuis
1038 1888 1222 1955 'Il-iuummi
1239 1888 1309 1973 ipse

165 2019 375 2081 revocassem,
394 2019 488 2081 saepe
504 2002 561 2063 aut
576 1999 700 2063 servavi
720 2019 802 2082 quaa
821 2018 916 2082 posse
934 1994 1065 2061 defendi
1083 1995 1308 2083 intellegerem

163 2109 221 2169 aut
255 2105 350 2170 aliter
383 2109 481 2189 atque
513 2103 692 2170 Hermauni
724 2105 872 2169 acumine
903 2102 1026 2168 factum
1059 2101 1202 2167 viderem
1231 2102 1310 2167 vitia

160 2211 342 2296 scripturae
365 2212 555 2298 corrigenda
575 2211 695 2295 putavi.
742 2209 804 2286 Qui
828 2211 857 2276 si
878 2210 973 2294 forte,
995 2212 1032 2274 ut
1049 2208 1096 2293 fit,
1119 2209 1219 2273 etiam
1243 2209 1309 2274 alia

160 2316 318 2401 quaedam
347 2319 471 2383 sivein
494 2320 601 2384 verbis
630 2320 699 2384 sive
727 2320 763 2384 in
790 2318 962 2384 sententiis
986 2320 1140 2400 corrupta
1166 2319 1225 2381 aut
1252 2315 1310 2380 ob

161 2429 291 2489 scurata
314 2425 366 2489 vel
384 2424 568 2511 indagarier
587 2426 714 2491 felicius
734 2426 785 2490 vel
803 2424 1004 2509 probabilius
1023 2421 1177 2506 sanamur,
1200 2426 1310 2487 tamen

162 2553 229 2595 uon
252 2531 362 2596 nescio
386 2554 484 2616 quam
508 2532 570 2597 hoo
590 2533 633 2597 sit
655 2532 815 2597 modicum
840 2553 918 2616 prae
937 2534 989 2596 tot
1008 2528 1150 2616 egregiis
1169 2528 1310 2594 inventis

163 2642 293 2722 tamque
317 2639 483 2722 praeclaro
509 2640 664 2723 exemplo,
688 2640 803 2723 quibus
827 2639 1018 2723 plusquam
1042 2636 1234 2721 cuiusquam
1256 2657 1311 2700 cu·

160 2744 208 2808 ris
232 2750 265 2811 et
284 2744 479 2809 Bacchidum
501 2744 686 2810 emendatio
710 2749 742 2809 et
766 2766 837 2809 mea
856 2743 1047 2809 emendandi
1066 2764 1166 2826 opera
1184 2741 1309 2807 debeat

161 2849 251 2926 Quae
280 2851 382 2915 virtus
415 2853 449 2915 in
477 2851 569 2915 nulla
596 2854 687 2933 parte
716 2850 912 2916 luculentius
945 2872 1042 2935 quam
1073 2850 1107 2913 in
1141 2848 1311 2914 canticis

160 2957 423 3042 canticorumque
439 2958 600 3023 similibus
616 2957 741 3022 scaenis
757 2962 933 3022 metrorum
948 2956 1106 3021 varietata
1125 2954 1310 3040 insignibus

161 3064 287 3127 enituit.
335 3064 478 3140 Quorum
508 3086 604 3148 quam
634 3065 677 3128 sit
700 3086 817 3149 anceps
846 3069 879 3128 et
907 3063 1030 3129 lubrica
1058 3064 1225 3147 tractatio,
1246 3062 1310 3127 evi·

162 3169 351 3235 dentissime
375 3174 478 3234 semet
501 3171 607 3254 ipsum
631 3169 826 3255 corrigentis
855 3171 1002 3254 exempla
1024 3169 1141 3235 docent
1168 3191 1252 3254 quae
1276 3171 1310 3235 in

162 3275 245 3340 libro
271 3277 308 3341 de
333 3277 454 3359 metris,
479 3277 512 3339 in
536 3258 716 3340 Elemdutis
741 3276 906 3342 doctrinae
926 3278 1085 3359 metricae,
1108 3277 1143 3341 in
1165 3277 1239 3361 ipsa
1256 3277 1308 3342 de·

160 3383 257 3466 nique
278 3406 404 3469 nupera
422 3383 561 3448 editione
585 3384 681 3448 huius
705 3383 835 3450 tabulae
860 3386 922 3450 sibi
946 3388 1179 3450 successerunt.
1226 3383 1309 3461 Quid

163 3491 264 3574 igitur
287 3490 420 3573 mirum,
448 3491 475 3553 si
499 3493 587 3554 certo
616 3511 717 3574 eoque
745 3512 830 3555 novo
854 3490 1014 3574 praesidio
1042 3491 1109 3556 tuti
1136 3492 1310 3577 aliquoties

163 3598 213 3661 vel
233 3598 385 3682 progredi
409 3598 496 3661 ultra
514 3599 713 3680 postremum
734 3598 914 3682 exemplum
934 3598 1216 3664 Hermannianum
1238 3599 1310 3665 ausi

166 3727 275 3768 sumus
294 3726 360 3767 non
380 3705 450 3770 siue
470 3726 527 3788 spe
547 3704 691 3788 indagati
711 3704 804 3768 veri?
836 3705 873 3769 Id
892 3708 1000 3770 autem
1018 3705 1220 3790 praesidium
1237 3727 1310 3771 cum

165 3809 199 3872 in
218 3809 460 3893 Prolegomeuis
480 3810 658 3874 Trinummi
679 3833 710 3894 p.
729 3808 809 3875 OOC
829 3811 955 3877 ostendi
969 3817 1039 3877 tum
1055 3811 1097 3877 ad
1111 3811 1310 3880 Baccbidum

162 3936 195 3978 v.
217 3914 291 3978 612.
316 3915 389 3979 643.
414 3918 487 3982 989.
513 3918 607 3982 1100.
634 3918 726 3982 1166.
753 3918 840 3982 1190
871 3918 1026 4002 explicavi
1053 3941 1070 3983 e
1100 3942 1254 3986 versuum
1276 3920 1311 3986 in

162 4019 192 4085 B
217 4021 447 4088 distributione
471 4026 547 4109 peti,
571 4025 689 4110 quippe
709 4047 791 4109 quae
810 4026 999 4111 plerumque
1022 4030 1081 4092 aut
1100 4028 1310 4113 antiquitatis

163 4128 353 4195 memoriam
377 4136 482 4195 servet
510 4138 566 4196 aut
594 4133 744 4197 turbatae
767 4132 926 4215 pristinae
953 4133 1186 4199 concinnitatis
1209 4133 1311 4200 mani·

162 4237 263 4302 testas
288 4257 402 4300 causas
425 4236 553 4302 habeat.
600 4237 660 4304 Sed
686 4242 797 4304 tamen
821 4260 892 4304 cum
915 4239 966 4303 vel
991 4240 1037 4305 alc
1059 4241 1162 4305 multa
1186 4240 1309 4327 autin·

164 4346 254 4408 taeta
283 4343 496 4428 relinquenda
523 4350 633 4410 essent
660 4368 741 4430 quae
769 4367 828 4410 nec
852 4345 1006 4411 Plautina
1031 4368 1092 4413 nec
1119 4345 1188 4413 ullo
1215 4347 1312 4413 modo

160 4450 211 4514 vel
240 4472 322 4515 sana
351 4450 403 4515 vel
426 4451 611 4517 tolerabilia
638 4475 709 4521 esse
736 4447 917 4521 certissime
941 4458 1120 4537 constaret,
1149 4459 1211 4520 aut
1231 4455 1312 4521 libe·
