2948 5594
272 372 333 419 XVI
740 360 951 417 PRAEFATIO

274 514 366 579 siano
385 513 413 578 Ε
436 513 512 577 inde
532 536 552 577 a
574 513 596 578 f.
614 514 669 577 llv
692 535 792 597 usque
818 514 858 577 ad
877 514 942 579 31¹.
977 510 1034 575 Bis
1058 531 1130 575 eam
1151 508 1291 575 contulit
1304 506 1417 573 Gusta-

273 644 330 685 vus
358 618 480 684 Loewe.

363 726 386 792 ,J
416 730 496 791 nota
523 726 724 811 significatur
752 725 873 791 musei
900 724 1122 789 Britannici
1155 722 1288 807 codex,
1317 722 1419 808 quode

274 833 367 916 plura
395 832 466 896 vidc
499 833 532 896 in
566 832 767 917 praefatione
794 831 921 915 Epidici
949 853 980 915 p.
999 848 1075 895 xv11
1094 851 1163 915 sqq.
1213 828 1314 896 Cuius
1347 830 1420 895 libri

273 940 435 1023 specimen
461 938 722 1025 phototypicum,
738 938 917 1023 publicavit
945 958 1048 1021 nuper
1075 936 1248 1003 Eduardus
1276 934 1419 1003 Sonueu·

274 1045 387 1109 schem
410 1046 444 1109 iu
469 1042 681 1128 Captivorum
709 1045 851 1110 editione
874 1042 1016 1131 (Lipsiae
1043 1048 1077 1109 et
1099 1042 1239 1109 Londini
1263 1066 1292 1108 a.
1313 1040 1423 1127 1880),

275 1151 358 1215 unde
391 1156 483 1235 patet
514 1150 608 1215 initio
641 1151 707 1215 fere
738 1152 857 1216 sacculi
892 1149 1071 1215 duodecimi
1103 1148 1312 1215 tribuendum
1346 1172 1424 1215 esse.

275 1256 404 1340 Scripta
427 1261 477 1321 est
496 1258 541 1321 ibi
560 1258 673 1323 fabula
696 1258 770 1323 inde
789 1282 809 1323 a
827 1257 849 1321 f.
867 1258 941 1323 127¹
959 1278 1060 1341 usque
1080 1257 1121 1321 ad
1142 1256 1230 1321 139'.
1275 1254 1425 1323 Contulit

277 1364 420 1428 codicem
449 1363 533 1428 idem
561 1363 618 1428 ille
645 1363 695 1427 vir
723 1364 837 1429 doctus
862 1364 916 1448 qui
940 1361 1114 1447 Epidicum
1137 1365 1171 1427 et
1194 1360 1424 1427 Curculionem

275 1466 329 1555 (cf.
353 1470 452 1553 praef.
481 1493 510 1555 p.
531 1468 609 1553 mx)
637 1470 822 1556 descripsit,
860 1470 1073 1555 apographon
1107 1468 1250 1535 coniecit
1276 1470 1442 1555 integrae,

277 1576 406 1642 fabulae
429 1576 635 1643 Hermannus
658 1576 1081 1662 lllueller-Struebiug,
1108 1576 1199 1642 cuius
1228 1574 1424 1641 benevolen-

278 1685 344 1748 tiae
367 1684 465 1747 ctiam
488 1705 600 1749 eorum
623 1705 772 1748 versuum
796 1705 906 1747 veram
934 1687 1049 1767 utpote
1076 1682 1182 1747 denuo
1206 1682 1424 1748 examinatam

277 1790 429 1855 debemus
458 1790 665 1875 scripturam,
704 1789 742 1854 de
771 1790 888 1875 quibus
921 1789 1017 1854 aliter
1048 1789 1224 1853 rettulerat
1250 1788 1309 1873 qui
1337 1788 1424 1873 prior

276 1898 468 1962 contulerat.
521 1898 664 1961 Pessime
695 1896 844 1961 habiturn
878 1918 948 1961 esse
982 1896 1137 1979 codicem,
1170 1866 1314 1959 maxime
1343 1894 1422 1979 igni,

279 2004 455 2067 identidem
478 2008 646 2068 narratum
669 2008 733 2088 est,
756 2003 904 2087 idemque
927 2026 966 2067 ex
991 2006 1105 2068 nostra
1128 2002 1343 2067 adnotatione
1364 2000 1423 2065 col·

279 2109 376 2193 liges,
408 2110 463 2173 ubi
492 2115 549 2175 aut
581 2111 707 2195 plenius
736 2110 874 2175 diximus
904 2109 977 2175 buco
1003 2109 1049 2173 ccl
1076 2108 1136 2173 illa
1162 2108 1254 2173 coba
1282 2108 1343 2191 1ῳί
1363 2128 1423 2173 aon

271 2236 373 2297 posse,
396 2222 454 2281 aut
476 2217 636 2281 uncinulis
660 2217 779 2281 additia
803 2238 885 2301 quae
909 2216 1133 2281 interciderint
1157 2216 1206 2281 ita
1231 2214 1422 2299 significari·

279 2344 365 2407 mus,
389 2329 425 2388 ut
448 2324 536 2388 velut

323 2427 472 2515 ltrbonus
496 2432 655 2516 significet
678 2452 806 2495 versum
825 2430 898 2494 inde
917 2430 958 2494 ab
978 2430 1073 2495 initio
1098 2450 1200 2513 usquc
1224 2428 1266 2493 ad
1291 2428 1421 2511 libanus,

326 2536 478 2618 libonrcs[
506 2560 634 2602 versum
658 2541 734 2621 post
760 2538 883 2601 libanus
910 2558 1011 2622 usque
1040 2535 1081 2600 ad
1110 2536 1208 2599 finem
1237 2534 1419 2599 mutilatum

412 2666 482 2709 esse
506 2646 556 2709 vel
580 2646 647 2730 legi
670 2645 811 2730 nequire.

367 2748 569 2836 blarginibus
588 2752 685 2817 laesis
705 2772 826 2836 magna
844 2773 995 2816 versuum
1009 2772 1084 2835 pars
1103 2771 1319 2836 personarum
1335 2748 1417 2815 notis

277 2858 427 2943 praefixis
451 2859 580 2943 privata
603 2862 661 2923 est.
708 2858 866 2923 Addimus
889 2861 1151 2923 conservaturum
1176 2856 1325 2921 indicem.
1363 2855 1416 2920 Rc·

277 2965 438 3049 liquorum
466 2987 615 3030 versuum
644 2966 739 3030 initio
768 2965 893 3049 positae
927 2986 966 3030 ex
995 2964 1075 3029 solis
1103 2962 1202 3027 BDE
1230 2963 1320 3028 codd.
1346 2962 1415 3027 alla·

278 3076 329 3136 tac
353 3078 437 3137 sunt.
482 3072 632 3156 Pepercit
654 3072 740 3156 ignis
764 3071 815 3135 his
840 3092 989 3136 versuum
1013 3070 1198 3155 principiis:
1223 3068 1354 3135 58-63
1370 3066 1426 3153 (ut.

281 3183 389 3242 tamen
413 3178 519 3261 prima
542 3179 647 3243 solum
671 3182 821 3242 notarum
846 3178 959 3242 littera
981 3174 1003 3240 S
1027 3174 1190 3261 supersit).
1231 3177 1284 3242 51.
1307 3176 1356 3241 52.
1376 3172 1441 3239 85

278 3286 375 3349 -91,
401 3285 581 3349 153-175.
612 3285 797 3348 227-248.
826 3284 900 3348 249.
930 3282 1115 3349 299—340.
1143 3282 1330 3347 381—420.
1355 3280 1452 3347 462

280 3390 397 3455 -50l.
421 3392 605 3456 cll-580.
629 3391 814 3456 cro-661.
840 3390 1023 3454 los-744.
1044 3388 1228 3455 llo-823.
1247 3386 1453 3455 865-906

278 3496 426 3581 (excepto
450 3496 540 3583 870).

295 3632 300 3643 ·
365 3603 466 3699 Der
491 3604 718 3692 (Lipsiensi)
743 3603 825 3669 th
853 3604 1039 3688 (editione
1062 3600 1253 3691 principe)
1276 3626 1338 3671 non
1358 3602 1446 3667 ha.-

277 3713 390 3777 bemus
418 3712 505 3795 quod
533 3713 578 3777 eis
604 3734 686 3798 quae
711 3734 730 3776 a
752 3712 848 3777 nobis
878 3713 910 3774 et
938 3710 1012 3776 aliis
1040 3709 1127 3775 dicta
1155 3714 1232 3775 sunt
1254 3710 1444 3789 addamus,

279 3819 342 3881 nisi
375 3818 459 3899 quod
492 3818 622 3884 disertis
664 3840 832 3883 monemus
872 3818 978 3881 verbis
1018 3816 1104 3881 haud
1142 3839 1263 3901 paucas
1295 3818 1440 3881 illorum

249 3924 457 4005 ,scripturas
490 3928 636 3991 consulto
667 3927 804 3991 omissas
834 3947 912 3989 csse.
951 3922 1072 4000 Quodsi
1096 3923 1167 4008 quis
1192 3923 1302 4007 plures
1323 3922 1437 3987 etim!

281 4028 475 4093 omittendas
499 4031 599 4097 fuisse
623 4033 796 4116 censuerit,
830 4031 858 4094 ci
884 4031 1060 4096 obiciemus
1089 4052 1155 4095 non
1184 4030 1254 4095 siue
1282 4026 1435 4095 militate

281 4134 446 4219 cognosci,
470 4139 573 4219 qualis
597 4142 680 4223 tum,
704 4162 776 4203 cum
801 4138 1001 4202 resuscitatis
1024 4138 1056 4202 iu
1076 4158 1196 4201 novam
1215 4138 1314 4203 vitam
1334 4135 1432 4199 litte·

280 4242 325 4305 ris
346 4240 479 4305 Plautus
504 4244 590 4307 laeto
614 4268 685 4309 cum
710 4245 818 4309 studio
843 4250 875 4307 et
893 4244 1103 4309 lectitabatur
1121 4243 1431 4325 describebaturque

280 4353 312 4412 ct
336 4386 378 4395 —
402 4355 538 4413 excunte
562 4353 691 4415 sacculo
716 4354 839 4415 decimo
863 4352 976 4435 quinto
1003 4388 1043 4396 --
1067 4350 1323 4434 imprimebatur,
1344 4358 1430 4429 ¹90·

279 4455 344 4517 eies
368 4455 498 4520 fabulae
522 4454 628 4521 fuerit.
