2948 5594
244 345 292 391 xx
709 332 918 387 PRAEFATIO

246 486 429 551 coniectura
451 485 514 549 hoe
537 483 646 569 posuit
664 482 814 547 Erwinus
832 482 945 549 Itohde
960 482 1058 571 (llus.
1071 484 1175 550 Rhen.
1196 483 1261 550 rol.
1280 482 1446 557 XXX

244 616 275 677 0.
297 590 373 678 118)
403 592 487 676 apud
516 591 689 674 Apuleium
716 589 848 654 blatam.
866 589 914 655 IV
936 591 977 654 14
998 614 1029 675 p.
1048 592 1101 676 65,
1119 591 1150 655 9.
1199 590 1286 655 Mira
1313 612 1470 667 sun

244 722 326 783 quae
349 703 463 764 contra
483 696 726 762 Fleckeisenum
750 696 896 781 disputat
918 695 1099 783 Ussingius.
1144 696 1360 763 Philaeniu
1423 737 1474 769 ι,

245 828 317 872 0000
337 805 514 870 meretricis
534 826 651 869 nomen
669 803 794 887 primus
813 804 978 888 perspexit
990 803 1141 887 Pylades,
1162 804 1219 889 qui
1244 803 1442 875 0105

246 916 325 979 haee
354 913 502 977 adnotat:
534 910 688 975 ‘Proinde
710 909 912 975 Philomelam
943 910 1114 995 legendum
1142 914 1192 975 est
1219 911 1283 977 hoe
1308 912 1404 981 loe
1419 944 1468 989 ο

246 1020 332 1104 quod
351 1019 493 1084 mulieris
518 1022 568 1082 est
590 1038 707 1083 nomen
723 1017 820 1101 'apud
844 1016 985 1081 Graecos
1013 1021 1047 1080 01
1073 1015 1248 1083 see-undam
1274 1041 1333 1104 per
1395 1050 1470 1095 α,

247 1127 486 1211 diphthongum
510 1125 622 1207 habet3
646 1124 797 1189 scribitur
820 1124 905 1188 enirn
929 1128 1103 1207 φιλαινιον
1121 1146 1142 1189 a
1159 1124 1467 1221 arbogastem,

249 1234 334 1319 quod
359 1239 408 1296 est
431 1231 528 1297 ‘amo'
551 1233 601 1297 vel
625 1230 775 1297 ‘osculor'
799 1231 891 1315 quasi
914 1230 1070 1295 amasiam
1095 1229 1194 1298 dicas.
1234 1231 1465 1306 Similiter

247 1347 281 1405 01
309 1340 489 1422 Philaenis,
522 1339 559 1402 de
588 1361 651 1423 qua
678 1338 853 1402 Martialis:
885 1338 1030 1419 paedioot
1052 1359 1167 1421 pareres
1193 1338 1292 1405 trabas
1313 1338 1458 1411 Pha·

248 1444 366 1511 loear's'.
412 1443 596 1508 Philonium
621 1445 705 1529 quod
730 1445 822 1508 multi
846 1449 1035 1528 receperunt
1063 1467 1131 1510 non
1153 1448 1240 1511 reete
1263 1444 1454 1519 delendi

247 1553 328 1617 vidit
356 1550 391 1616 C.
414 1550 540 1617 Keilius
568 1551 650 1616 Mus.
673 1551 778 1615 Rhen.
803 1552 865 1616 rol.
884 1551 946 1617 XX
979 1550 1022 1637 (a.
1044 1550 1144 1637 1865)
1172 1574 1204 1635 p.
1222 1551 1298 1616 563.
1361 1552 1450 1625 Gt

248 1659 447 1725 Ritsehelius
463 1660 579 1743 Opusc.
597 1657 709 1741 philol.
729 1656 992 1743 0011110331.
1022 1658 1251 1724 Cleaeretae
1273 1680 1447 1729 nomen

248 1770 281 1833 in
304 1768 396 1833 libris
421 1767 468 1830 ita
491 1765 672 1829 exhibetur:

293 1876 387 1953 leena
410 1873 548 1937 eleereta
571 1870 603 1954 (e
625 1872 679 1937 aa.
700 1892 724 1935 a.
744 1869 786 1955 o.)
811 1894 967 1955 superser.
990 1872 1046 1937 13
1068 1872 1107 1938 Ε.

293 1978 412 2044 LENA
437 1978 669 2043 (erEERETA
693 1999 850 2061 superser.
875 1978 889 2041 l
913 1978 934 2042 3
957 1976 988 2043 J.

294 2083 527 2150 GLEERETA
551 2082 670 2147 LENA
694 2105 852 2167 superser.
875 2082 923 2149 lll
950 2085 965 2148 1
991 2082 1044 2150 Dr.

296 2193 473 2258 eleaeratae
496 2188 547 2275 (at
570 2212 607 2255 ea
630 2188 686 2275 ret)
709 2212 738 2255 v.
759 2190 819 2255 751
846 2190 879 2254 10
904 2182 1056 2256 contentu
1080 2191 1119 2257 D.

295 2299 472 2364 elaeaerate
495 2320 523 2362 v.
544 2298 604 2361 751
631 2296 666 2360 10
689 2296 902 2361 0001001011.

295 2407 454 2487 olaearate
478 2427 506 2468 v.
527 2403 588 2467 751
615 2402 649 2465 10
672 2406 823 2467 contextu
846 2402 883 2467 B.

294 2513 411 2594 0100010
435 2534 463 2575 v.
484 2511 545 2575 751
571 2511 606 2573 10
628 2511 783 2574 contextu
805 2509 836 2575 J.

295 2617 415 2685 LENA
439 2615 641 2682 OLERETA
665 2637 821 2700 supersor.
843 2616 859 2680 Ι
883 2618 903 2681 3
927 2617 964 2684 Β.

295 2724 415 2791 LENA
439 2722 612 2788 GLEREA
638 2744 795 2806 superser.
818 2722 833 2786 I
857 2725 877 2787 3
901 2721 940 2786 D.

296 2831 497 2897 OLERETA
521 2828 642 2895 LENA
667 2851 822 2913 superser.
846 2828 895 2894 ΙΙΙ
922 2833 935 2894 l
963 2829 1061 2895 BEJ.

253 2941 369 3023 Itaque
394 2941 530 3022 apparet
552 2936 631 3001 duas
655 2958 725 3001 esse
744 2936 866 3000 formas
884 2937 1024 3001 traditas
1039 2936 1200 3005 0100100010
1221 2946 1255 3007 01
1266 2930 1416 3007 eaelo

253 3068 389 3130 quarum
422 3045 582 3128 posterior
612 3066 650 3107 ex
684 3043 791 3127 priore
824 3048 976 3127 corrupta
1004 3050 1062 3113 est.
1113 3046 1192 3111 lnde
1223 3024 1415 3112 iudicandfl

252 3158 327 3217 sunt
355 3173 436 3235 quae
460 3149 633 3234 Ussingius
663 3149 702 3213 de
729 3148 791 3213 hoo
819 3150 949 3213 nomine
977 3152 1123 3233 protulit.
1173 3151 1316 3219 Ceterum
1338 3128 1414 3213 os·

253 3258 452 3323 Fleckeisen
475 3256 592 3319 Annal.
616 3255 679 3319 vol.
700 3257 762 3317 113
786 3252 827 3339 (a.
851 3255 948 3338 1876)
971 3279 1003 3339 p.
1022 3258 1095 3323 358.

341 3364 497 3427 Fabulam
521 3384 586 3426 non
610 3362 771 3446 integram
797 3363 836 3426 ad
859 3362 944 3427 hanc
967 3367 1108 3429 aetatem
1132 3366 1311 3449 pervenisse
1329 3364 1413 3430 du·

253 3471 329 3534 dum
353 3470 550 3533 intellectum
572 3472 633 3532 est.
673 3468 771 3532 Velut
794 3468 879 3553 quod
897 3473 973 3552 post
991 3491 1019 3533 v.
1035 3470 1098 3535 809
1119 3472 1278 3557 quaedam
1294 3472 1413 3538 aar·

253 3577 367 3642 uidisse
391 3577 456 3640 iam
480 3574 654 3660 Scaliger
677 3576 857 3659 suspicatus
881 3580 942 3658 est,
971 3598 1044 3640 eum
1067 3580 1171 3644 λείπει
1194 3579 1228 3643 in
1251 3576 1414 3665 margin⁰

253 3684 430 3748 adnotaret.
477 3683 525 3747 Ac
548 3705 588 3747 ne
612 3680 761 3765 (iuyeto
788 3683 918 3765 quidem
946 3683 1056 3746 omnia
1079 3705 1159 3748 sana
1181 3686 1254 3751 visa
1275 3672 1416 3761 sunt‘)

253 3792 372 3873 quippe
397 3789 451 3872 qui
476 3811 626 3853 scaenam
651 3788 737 3852 IV?
760 3793 834 3872 post
858 3788 887 3853 V
909 3793 924 3853 1
950 3789 1132 3873 ponendam
1154 3813 1225 3857 esse
1244 3778 1417 3859 000000οῆ

254 3916 371 3956 novam
409 3894 633 3959 difficultatem
671 3895 879 3960 contrahens:
921 3896 1054 3960 eandem
1091 3898 1179 3962 enim
1215 3896 1418 3965 molestia]

256 4021 352 4079 qumn
376 3998 536 4063 vitaturus
565 4002 627 4064 fuit
650 4002 784 4066 ultimae
808 4023 941 4066 scaenae
965 4002 1085 4067 intulit.
1131 4002 1288 4091 Scaliger-i
1307 4002 1419 4081 viaff¹

327 4279 351 4345 ¹⁶)
371 4278 411 4332 cf.
432 4279 512 4334 voll
531 4298 556 4348 p.
573 4287 637 4336 297:
663 4283 742 4337 ‘baec
766 4300 850 4337 seona
872 4286 937 4353 post
963 4286 1125 4354 sequentem
1148 4286 1270 4343 locanda
1286 4276 1423 4343 videtu‘

256 4366 316 4414 tum
336 4358 411 4427 quod
430 4374 613 4425 eorumquae
633 4361 661 4413 in
680 4379 713 4415 00
732 4364 800 4417 fiunt
819 4364 989 4420 mentionem
1003 4365 1102 4435 faeiat,
1121 4367 1182 4421 turn
1195 4356 1423 4435 0001000160ι

257 4456 388 4509 personas
408 4438 512 4492 habeat
530 4457 592 4493 eum
612 4442 803 4513 praecedenti,
822 4442 895 4513 quod
914 4443 942 4497 in
962 4444 1108 4501 comoedia
1124 4444 1186 4501 lieri
1203 4462 1260 4502 nou
1277 4442 1386 4501 mlst'·
