2948 5594
129 39 1123 429 Q

600 829 787 885 arrasam
1200 833 1263 898 131

129 974 271 1029 lfuellerus
288 973 368 1028 Pros.
378 991 409 1043 p.
419 978 479 1029 290
496 975 561 1027 aaa.
582 975 627 1041 (es.
644 973 838 1044 (lacuaria).
859 976 897 1028 Ia
913 990 938 1029 o.
953 980 1050 1044 8⁷0sq.
1070 976 1267 1031 dannamaria

129 1054 340 1124 aplicaudisque
358 1059 481 1123 aupalur
500 1055 625 1123 Pylades.

189 1139 250 1188 877.
283 1133 343 1188 lin
367 1135 471 1187 malam
498 1151 557 1187 rem
583 1135 756 1188 Camerarius
774 1136 820 1203 (cs.
843 1133 901 1188 Ter.
922 1135 1032 1189 Phorm.
1056 1151 1080 1188 o.
1099 1139 1175 1203 368).
1211 1135 1266 1189 Abi

129 1213 222 1268 aalam
241 1231 299 1268 rem
319 1214 469 1269 Muellerus
487 1214 567 1268 Pras.
583 1231 613 1283 p.
632 1218 695 1270 345.
714 1246 747 1253 —
768 1214 885 1268 amassit
902 1214 1024 1270 Guietus.

190 1299 250 1351 881.
277 1295 320 1349 De
343 1291 382 1364 pal
400 1299 425 1348 ei
448 1293 496 1346 val
520 1295 590 1347 adde
609 1294 751 1347 Hertaium
770 1294 844 1349 Aua.
866 1296 935 1365 plul.
955 1300 973 1349 t.
994 1295 1263 1365 01Χ(α.1874)ρ.

129 1378 221 1444 l6isq.
245 1371 280 1442 νὴ
305 1370 357 1428 τάν
379 1373 477 1440 aspar
503 1372 690 1441 Camerarius,
717 1376 798 1428 etiam
821 1377 853 1429 ia
871 1375 912 1440 B,
939 1376 988 1429 ubi
1010 1393 1104 1444 praece
1124 1377 1156 1430 im
1177 1393 1264 1445 marp.

129 1456 230 1509 amima
249 1455 403 1523 adscripsit.
428 1449 524 1521 Κόραν
543 1455 696 1509 uindico-ait
715 1454 856 1509 Meursius
876 1456 893 1509 l.
913 1472 933 1510 s.
952 1471 974 1510 s.
1009 1453 1130 1510 Getarum
1148 1458 1183 1522 cf.
1194 1456 1263 1511 Mei·

129 1536 213 1589 relius
234 1536 310 1589 Mea.
329 1540 355 1589 et
372 1534 446 1588 Plu’l.
463 1550 492 1602 p.
509 1538 559 1601 16,
577 1534 701 1588 Naclcias
721 1534 797 1589 Mus.
817 1534 903 1589 ama.
929 1533 956 1588 V
966 1552 996 1604 p.
1015 1538 1045 1605 2,
1063 1536 1099 1590 al.

187 1619 247 1669 888.
280 1615 368 1681 †Iam
388 1613 436 1668 diu
455 1612 654 1668 Flecleaeaus.
687 1613 741 1667 Ain
765 1615 796 1668 tu
820 1614 969 1668 Acidaliae
987 1615 1005 1667 l.
1023 1629 1044 1668 s.
1063 1630 1084 1669 s.
1113 1615 1191 1669 Tuan
1210 1614 1264 1670 fide

129 1695 299 1749 fuschelcrus
313 1696 350 1748 aa
359 1693 504 1762 Petromp.
516 1698 634 1758 18814.
655 1694 725 1747 Tam
743 1692 827 1748 modo
842 1693 997 1762 Wapuerus
1011 1696 1052 1763 (al
1065 1696 1101 1761 cf.
1113 1696 1265 1750 Muellerus

130 1775 259 1828 Nachtr)
278 1792 307 1843 p.
320 1775 354 1842 7).
374 1773 432 1828 Iam
452 1773 512 1827 dies
523 1805 555 1812 —
572 1773 724 1844 Vssiapius.
744 1773 803 1826 Iam
823 1770 871 1825 dia
890 1789 966 1827 reema
983 1779 1072 1828 smoat
1085 1773 1217 1829 Brr'aius:
1235 1780 1265 1829 at

129 1860 211 1925 mepta
229 1860 268 1909 est
286 1855 406 1923 quaestio
425 1854 470 1920 (as.
489 1855 570 1907 eliam
589 1869 612 1906 o.
632 1857 707 1922 873).

186 1940 247 1988 883.
267 1931 301 2003 νὴ
320 1929 369 1987 τὸν
388 1927 535 2000 ἆλὲτρινον
554 1934 714 1988 Lambinus.
748 1929 783 2002 νὴ
803 1930 855 1986 τάν
872 1928 1008 1999 Ἀλέτριον
1027 1934 1185 2004 Geppertus.

186 2020 246 2069 885.
273 2031 325 2068 uae
345 2013 419 2068 uitae
439 2016 504 2067 tuae
523 2014 715 2069 Fleckeiseaus
733 2014 801 2070 eoul.
821 2012 970 2067 Rilschelio
989 2014 1027 2067 ad
1044 2013 1133 2068 Stichi
1150 2031 1175 2067 a.
1197 2017 1263 2069 594:

132 2104 143 2152 l
160 2114 186 2151 o.
207 2095 357 2149 Muellerus
375 2094 452 2147 Pros.
470 2112 499 2162 p.
516 2098 570 2149 723
589 2100 613 2148 et
626 2095 777 2149 Lorcuaius
792 2093 998 2169 Priscam
1014 2096 1050 2161 (a.
1066 2095 1150 2162 1870)
1160 2111 1189 2162 p.
1201 2098 1262 2148 431.

129 2175 274 2230 >escalata
293 2192 317 2228 o.
337 2180 389 2229 886
409 2175 443 2240 cf.
463 2174 644 2228 Bmchelarus
663 2174 738 2228 Mus.
759 2173 845 2227 ereu.
866 2173 987 2227 XXXV
999 2190 1028 2242 p.
1044 2176 1145 2242 629sa.
1164 2173 1195 2227 V.
1211 2180 1262 2230 887

129 2255 166 2311 tic
189 2273 243 2326 pro
267 2254 321 2307 Sed
347 2255 499 2324 (lappulus
522 2255 599 2322 (iola.
624 2254 723 2322 quoius
744 2254 807 2307 erat
825 2253 891 2306 tunc
913 2254 1036 2321 praefert
1054 2253 1212 2309 Braudtius
1230 2255 1262 2309 aa

129 2353 170 2390 en.
187 2353 217 2405 p.
239 2337 295 2401 87).

185 2420 245 2470 891.
284 2430 350 2468 uera
378 2413 402 2467 si
425 2415 477 2483 (sic
503 2415 560 2467 iam
586 2431 659 2468 maa.
685 2412 787 2467 (lamer.
811 2413 843 2466 iu
865 2412 904 2479 B)
938 2412 970 2466 ob
994 2413 1214 2468 allitleratiouem
1237 2420 1262 2468 et

130 2496 241 2549 iccio.
267 2500 318 2548 897
343 2495 466 2562 praescri
493 2494 684 2548 Flccleeiscaus
711 2510 750 2561 ep.
779 2493 838 2546 crit.
854 2509 884 2561 p.
910 2492 1010 2546 XXH.
1048 2492 1088 2547 Ae
1115 2494 1150 2559 cs.
1177 2493 1261 2548 Ralla·

129 2576 246 2629 aimerus
269 2575 301 2628 alc
319 2580 411 2627 caum.
431 2575 531 2627 cmcdil.
551 2573 598 2627 Pl.
618 2575 657 2626 cd.
678 2573 824 2643 Gottiapae
838 2590 862 2626 a.
879 2576 952 2626 1876
966 2589 995 2642 p.
1007 2576 1051 2627 15.
1084 2572 1128 2627 Dc
1146 2573 1192 2626 ain
1210 2576 1261 2630 tul

129 2698 135 2707 .
154 2658 208 2708 898
228 2655 298 2707 adde
316 2653 470 2706 Beullaium
489 2654 526 2706 ael
547 2653 607 2706 Ter.
630 2652 742 2707 Plrorm.
766 2653 793 2708 V
808 2659 836 2720 8,
856 2657 899 2707 77.

184 2740 245 2788 896.
274 2732 474 2787 manticinatua
499 2735 545 2801 (=
562 2733 745 2800 oalioimalus,
768 2728 891 2801 piratas)
923 2731 1013 2797 Valla,
1033 2732 1188 2800 Meursius,
1208 2736 1260 2789 alii

129 2815 196 2868 uude
213 2814 307 2866 hercle
331 2814 362 2864 tu
385 2812 595 2866 Liudemaaaus
617 2829 650 2866 aa
669 2813 770 2879 Guelfi,
792 2811 884 2865 hercle
905 2828 957 2881 ego
977 2811 1182 2880 Flosleciseaus,
1207 2813 1260 2868 nisi

131 2893 205 2947 ercle
228 2893 349 2946 Brisias
372 2894 446 2961 olim)
473 2895 554 2961 quasi
576 2893 687 2946 omnimo
712 2892 902 2946 ‘vaticinatus'
929 2894 965 2945 sit
988 2893 1134 2961 parasitus
1160 2899 1185 2948 et
1212 2894 1261 2949 lma

129 2991 168 3027 sco
188 2975 268 3026 aliua
285 2977 405 3042 spectare
419 2973 507 3041 possit
526 2977 606 3041 atque
624 2990 648 3026 o.
659 2976 722 3026 895.
742 2970 942 3025 manticulatus
961 2972 1080 3043 Pylades
1098 2973 1170 3027 iuter
1188 2975 1260 3029 alias

129 3055 288 3120 rutatiaaes,
314 3053 386 3121 quoa
409 3054 632 3121 realiutepraruat
656 3051 779 3118 Coloius,
802 3051 951 3105 Aas'elalius
973 3051 1038 3105 Dia.
1058 3068 1088 3121 p.
1108 3057 1176 3121 171,
1199 3054 1257 3108 alii.

129 3132 301 3186 uaticinatus
325 3131 478 3185 Salmasius
501 3132 590 3198 fluuit.
611 3130 825 3185 mantiscinatus
850 3131 996 3185 obscurare
1018 3133 1097 3186 uolui
1123 3148 1183 3186 cum
1201 3134 1258 3199 sor·

129 3229 180 3266 rese
198 3212 413 3280 plassematicum
432 3212 526 3279 potius
544 3212 580 3264 sil
594 3227 676 3278 auam
694 3217 853 3281 corruptum
872 3213 920 3279 (aa
939 3212 1119 3266 elcrioaudum
1133 3230 1151 3265 a
1169 3216 1258 3267 tesca-

129 3295 147 3345 tl
170 3292 327 3359 analopiam
351 3292 492 3344 verborum
515 3292 547 3343 ia
570 3291 682 3356 -ino-r,
705 3296 737 3344 ut
754 3292 790 3344 sit
808 3307 894 3344 mauu
912 3296 982 3344 tesca
1000 3291 1056 3344 sibi
1076 3292 1167 3357 facere
1189 3292 1259 3347 ‘ciac

129 3373 226 3438 salome)
248 3370 425 3439 Veruustump
444 3369 660 3437 auriclrtcm’??).
680 3370 784 3425 Eodem
801 3376 904 3439 spectat
924 3371 968 3425 ‘sle
986 3371 1075 3424 alieuo
1093 3372 1260 3427 mamticiaor

129 3458 133 3500 ὲ
151 3451 289 3521 impcado’
311 3452 387 3519 apmrl
407 3451 478 3505 Dou.
499 3451 536 3504 aa
553 3451 611 3505 Ter.
627 3450 703 3505 Eum
718 3452 757 3504 Π
766 3454 796 3518 2,
815 3454 861 3506 27.
891 3450 1013 3505 Ceterum
1031 3451 1149 3519 plectite
1165 3452 1257 3508 Game-

129 3534 204 3585 arius
224 3544 303 3597 (corr.
323 3531 471 3585 Acidalius
489 3532 506 3586 l.
525 3547 545 3585 s.
565 3532 606 3599 a).

181 3617 242 3665 897.
263 3610 396 3679 dupinato
415 3612 522 3663 uictum
541 3627 603 3665 eruu
622 3611 727 3682 Pylade
740 3610 867 3665 Botlrius.
895 3610 1036 3680 dapinabo
1056 3609 1149 3665 cibum
1165 3612 1257 3668 Game-

129 3695 211 3746 arius.
232 3690 379 3759 dapsilabo
399 3689 504 3742 uictum
526 3688 647 3744 Guieties.
670 3690 711 3758 Of.
730 3691 768 3743 ad
785 3708 808 3744 o.
828 3696 892 3746 891.

180 3776 241 3825 898.
261 3770 333 3824 istuc
353 3769 520 3824 Salaridtias
537 3772 571 3824 ale
584 3787 666 3839 pron.
681 3787 711 3838 p.
731 3773 766 3821 84
786 3770 866 3837 (adele
885 3768 1101 3824 Stuelemuaelum
1121 3771 1137 3825 l.
1152 3787 1173 3824 s.
1188 3789 1209 3826 s.
1225 3789 1255 3842 p.

129 3855 218 3920 aequ:
238 3856 266 3903 al
285 3853 320 3917 af.
340 3850 477 3903 erlasias
497 3851 639 3905 Commeat.
655 3865 728 3919 pras.
749 3849 771 3902 Ι
781 3866 810 3919 p.
830 3853 872 3903 13.

180 3937 241 3986 999.
270 3933 350 3999 potes
374 3932 438 3985 olim
461 3931 641 3985 1311888.-
663 3930 809 3984 Proximos
831 3944 924 3983 uersus
941 3930 1005 3982 huic
1025 3945 1137 3982 scaenae
1156 3931 1254 3983 adiuu-

129 4013 209 4067 smlos
222 4028 277 4065 esse
287 4017 349 4080 post
364 4011 433 4064 alios
448 4010 608 4079 Spcmpclius
622 4010 816 4064 dmromstraoit
834 4010 849 4064 l.
861 4025 882 4062 s.
892 4024 913 4062 s.
924 4026 954 4077 p.
964 4011 1083 4075 278sq.:
1102 4024 1163 4061 cum
1177 4009 1256 4064 libris

129 4096 219 4162 parat
239 4091 358 4145 Balarus
377 4091 409 4144 de
428 4091 472 4144 Pl.
491 4092 548 4157 sab.
568 4107 665 4144 roceas.
685 4091 724 4143 erl.
746 4089 858 4143 Vratisl.
877 4106 902 4142 a.
922 4092 994 4142 1885
1010 4105 1040 4156 p.
1061 4090 1122 4141 112.

181 4175 241 4225 906.
261 4169 320 4223 alia
339 4169 362 4221 si
378 4170 502 4236 Guielas,
522 4169 647 4223 Bothius.
666 4201 697 4208 —
717 4186 788 4237 quae
807 4168 913 4222 uentris
933 4167 1010 4221 uictu
1030 4166 1189 4222 conducunt
1206 4186 1254 4224 ms.

129 4269 209 4322 amp„
224 4252 259 4303 al.
271 4250 391 4303 Ceterum
406 4267 429 4303 a.
441 4256 492 4303 908
511 4256 659 4318 suspectus,
674 4255 698 4304 et
711 4265 744 4303 ec
758 4250 801 4302 lu's
819 4248 907 4302 uerbis
920 4254 945 4302 ei
958 4249 1024 4316 quia
1038 4248 1154 4302 mimium
1168 4266 1254 4318 paau-

129 4348 166 4384 am
186 4332 296 4398 lampaet
311 4336 374 4398 post
393 4347 416 4383 a.
437 4335 491 4383 903
500 4346 537 4399 sq.

179 4417 240 4465 907.
278 4410 314 4463 ad
336 4426 427 4464 meam
450 4410 657 4478 praefecturam
682 4412 711 4464 et
728 4410 847 4481 RJlades
873 4409 919 4477 (ad
938 4408 1142 4478 praefecturam
1163 4426 1255 4463 meam

131 4498 251 4547 saurae.
271 4491 299 4542 in
316 4506 369 4558 pro
389 4489 424 4541 ad
444 4491 495 4557 (ut)
515 4489 670 4544 Gronovius
689 4491 749 4557 alii,
773 4493 804 4543 ut
821 4491 864 4544 ius
884 4491 985 4559 praet
1009 4489 1051 4542 ius
1071 4489 1253 4546 Camerarius

129 4590 149 4626 rs
169 4575 203 4625 ut
220 4570 422 4637 Barlaamus
439 4586 534 4639 geram
554 4569 759 4637 praefecturam
779 4571 808 4623 ot
822 4571 956 4623 Beckerus
974 4570 1006 4623 de
1024 4585 1088 4623 com.
1104 4569 1181 4623 Rom.
1196 4573 1253 4634 fab.

147 4658 193 4706 68.
209 4656 241 4704 ut
254 4666 400 4720 properem
419 4649 448 4703 in
463 4650 676 4719 praefecturam,
691 4652 723 4702 ut
736 4650 901 4720 Gepportus:
915 4651 948 4703 (lc
961 4665 1013 4718 auo
1032 4666 1081 4703 suo
1098 4652 1158 4704 iure
1172 4651 1252 4703 (lubi-

129 4735 177 4787 aa't
195 4732 347 4785 Mrullerus
367 4731 445 4786 Pras.
462 4749 491 4800 p.
512 4736 580 4798 575,
607 4748 667 4784 cum
685 4747 741 4785 aaa
759 4731 836 4785 modo
855 4730 890 4784 ab
909 4731 1091 4784 Ambrosiaao
1110 4730 1254 4782 abhorreat

129 4829 197 4866 eram
212 4813 293 4866 etiam
307 4830 325 4864 a
335 4811 448 4865 Plauto.
470 4811 545 4881 Quae
555 4813 639 4880 posui
653 4812 720 4865 coul.
733 4812 796 4865 Aul.
808 4828 831 4864 a.
844 4809 1082 4878 5111898895
1097 4810 1178 4871 etiam
1192 4825 1253 4862 cum

129 4894 169 4945 Ἐ
191 4892 335 4946 conciliari
353 4896 483 4961 possunt,
510 4892 642 4959 siquidem
666 4891 730 4945 iude
753 4897 802 4944 aut
824 4892 885 4959 fieri
908 4896 956 4943 aut
981 4888 1139 4943 ‘maculari’
1161 4889 1254 4958 potuit

129 4972 309 5027 aefecturam
338 4972 445 5040 f‘wobei
473 4971 695 5026 raittelalterliclu
722 4971 911 5040 Amahauuap
934 4999 968 5009 -
992 4970 1019 5023 la
1041 4969 1195 5038 profectura
1218 4998 1251 5009 -

1003 5057 1039 5112 9*
