2948 5594
166 337 189 390 X
636 331 841 388 PRAEFATIO

166 521 223 563 nes
252 498 425 581 apparatui
452 498 593 562 inserere
617 519 683 560 non
705 496 798 579 potui
806 546 815 581 ,
842 496 905 561 hoe
932 496 1004 561 loco
1033 496 1179 562 subicere
1206 496 1315 563 liceat.

165 602 205 668 V.
229 606 257 669 6.
292 604 396 668 Annis
425 603 544 689 uiginti
577 604 632 687 qui
662 624 772 666 errans
806 602 982 668 Soloellius.
1010 640 1055 650 -
1084 604 1158 670 121.
1189 603 1316 685 Confert

165 709 335 794 Seyfferlus
352 711 470 777 Aaron.
494 711 537 774 07.
557 708 638 773 XII
656 711 693 774 de
714 709 783 773 7ιὶ07.
806 731 832 772 o.
855 713 914 775 22:
937 707 1136 775 Barbarus
1159 713 1221 775 eal
1242 710 1313 794 Ly·

165 818 248 900 dus,
275 818 384 882 bellax
409 815 500 900 Geta,
523 816 682 882 femineus
706 815 827 898 Phryx.
852 852 889 862 —
919 816 990 881 140.
1020 814 1125 892 Quom
1149 815 1204 882 hie
1227 817 1313 881 iulus

166 925 209 989 sil
234 923 270 987 in
300 925 403 988 lustro
437 928 470 987 el
498 945 570 987 eum
599 923 703 987 amica
731 922 866 1013 accubet
893 922 1069 988 Soloellias.
1100 959 1140 970 —
1169 924 1246 989 218.
1277 926 1313 988 ul

167 1036 300 1117 gnatam
324 1053 393 1094 rem
417 1052 487 1095 esse
510 1030 666 1115 intellego
691 1028 866 1094 Schoellius.
892 1064 931 1076 -
956 1029 1032 1095 261.
1059 1028 1225 1095 Continuo
1248 1030 1312 1094 iam

164 1137 342 1221 Seyffertus.
360 1174 403 1216 ,-
429 1137 504 1202 266.
527 1140 560 1200 el
582 1158 649 1200 non
671 1138 758 1217 eum]
783 1157 953 1200 erroneum
976 1135 1152 1202 8077007700.
1171 1172 1217 1183 -
1239 1137 1311 1202 267.

165 1267 296 1328 eumpse
319 1245 497 1328 Seyffertus.
519 1279 557 1290 —
583 1243 657 1306 274.
685 1242 873 1306 Etiamnest
901 1239 979 1327 quid
1001 1241 1123 1326 porro?
1153 1241 1223 1309 CH.
1250 1242 1309 1308 Em

163 1351 354 1434 accipitrina
376 1351 479 1413 uaeliri
501 1350 568 1414 0077
585 1348 761 1433 Seyfferlus.
779 1384 816 1393 -
835 1348 908 1413 394.
932 1346 1060 1428 Confert
1079 1346 1253 1432 Seyfferlus
1269 1351 1310 1415 70

164 1479 233 1522 oum
248 1459 329 1522 70000
342 1457 478 1521 Ausonii
493 1455 537 1538 (p.
551 1458 625 1539 256,
639 1459 702 1519 140
711 1456 754 1519 erl.
765 1454 923 1537 Sohorlrl):
936 1453 1071 1541 Ingrato
1080 1454 1216 1520 homine
1225 1460 1310 1520 terra

168 1564 260 1648 peius
275 1565 322 1627 nil
342 1567 438 1629 creat.
454 1599 494 1609 —
510 1562 585 1626 426.
605 1563 705 1626 solem
726 1565 834 1626 aulem
849 1559 1025 1645 Seyfferlus.
1040 1597 1083 1609 -
1097 1563 1173 1627 434.
1188 1562 1311 1644 000707

165 1671 337 1753 Seyfferlus
359 1670 528 1734 Frontonis
551 1669 649 1733 looum
671 1667 753 1732 leuno
775 1667 817 1748 (p.
837 1672 901 1733 162
923 1667 1034 1751 Naso:
1057 1669 1227 1734 maculosa
1248 1692 1312 1734 ma·

166 1778 391 1861 culosioraque
406 1798 502 1860 quam
521 1775 658 1839 nutricis
681 1774 825 1858 pallium.
848 1809 885 1820 -
912 1774 946 1839 V.
961 1779 1026 1839 447
1041 1777 1233 1857 parallelum
1249 1798 1311 1844 esse

165 1886 267 1949 versui
286 1889 351 1949 448
372 1883 546 1963 suspicatur
568 1881 742 1972 Sclroelliras.
765 1918 802 1928 -—
828 1882 903 1945 471.
927 1903 1091 1946 acerrume
1111 1889 1310 1949 aestuosum:

165 1989 319 2054 absorbet
345 1987 520 2070 Seyfferlus.
557 2024 594 2033 -
631 1988 786 2052 obsorbet
815 1990 980 2070 proposuit
1015 1988 1188 2055 Muellerus
1223 1991 1311 2056 Proa

159 2119 192 2178 p.
217 2101 290 2160 438.
307 2132 344 2141 -
361 2095 437 2158 472.
460 2115 607 2158 eemnam
632 2116 700 2157 esse
723 2093 901 2176 Seyfferlus.
922 2131 960 2141 —
981 2095 1056 2160 482.
1080 2092 1201 2176 Quom]
1227 2095 1311 2173 Quin

164 2201 340 2285 Seyfferlus.
360 2237 400 2247 —
425 2201 500 2264 488.
518 2199 595 2264 Plus
615 2199 767 2264 uidissem
783 2222 879 2284 quam
895 2200 1030 2266 deceret.
1064 2199 1140 2267 MN.
1154 2224 1212 2263 *s*
1228 2203 1240 2285 [Ι
1256 2225 1312 2265 ss*

165 2332 262 2394 quam
286 2329 337 2372 me
362 2310 459 2390 atque
478 2306 537 2371 illo
559 2328 697 2390 aequom
719 2306 804 2371 foret
827 2306 1064 2372 8070017700-
1088 2308 1166 2374 511.
1189 2309 1311 2374 Amore

164 2416 228 2480 aiio
260 2414 369 2479 hercle
396 2419 433 2477 ut
460 2417 536 2497 pole
567 2412 742 2479 80700777οε.
772 2451 810 2459 -
841 2415 915 2479 606.
943 2414 982 2479 10
1010 2436 1084 2480 eum
1116 2438 1203 2482 nune
1230 2416 1311 2481 haee

164 2522 247 2586 redit
277 2521 452 2586 Schoellius.
489 2558 525 2566 —
562 2520 635 2585 633.
668 2519 820 2603 prodest?
848 2543 908 2604 pro
936 2521 1032 2585 fidem
1059 2520 1239 2589 Seloellias.
1269 2559 1307 2571 -

163 2628 236 2691 695.
257 2650 294 2691 ae
312 2629 347 2691 in
370 2627 570 2708 suspicionem
593 2632 678 2690 00007
701 2626 876 2708 Seyffertus.
890 2663 934 2672 -
954 2628 1027 2691 760.
1051 2625 1152 2712 Frugi
1175 2623 1311 2696 homo’s.

162 2733 241 2798 MN.
265 2733 333 2797 Vos
357 2733 532 2797 Solroelllus.
557 2769 597 2778 -
624 2734 696 2797 806.
720 2732 835 2819 Egone
859 2734 943 2799 islue
967 2735 996 2797 ei
1019 2733 1108 2797 dixi?
1131 2733 1310 2817 Seyfferlus.

164 2877 204 2886 -—
230 2842 303 2904 852.
327 2838 471 2924 Nuptast
485 2839 579 2902 illaec
598 2838 774 2903 Sclroelllus.
792 2876 828 2884 -
848 2840 920 2904 893.
939 2838 1053 2922 Nerio,
1072 2838 1211 2923 Latona,
1229 2839 1309 2925 Spes

161 2946 336 3010 Solroollius.
352 2982 391 2991 -
409 2946 482 3010 897.
497 2966 598 3028 neque
617 2982 654 2991 -
671 2945 752 3008 illud
767 2945 854 3030 quod
868 2945 946 3009 dieis
964 2981 1001 2992 —
1019 2946 1112 3011 solet.
1131 2947 1309 3015 Solroellius.

164 3070 202 3080 —
225 3036 299 3098 932.
324 3034 417 3098 Nune
441 3035 582 3118 primum
601 3035 790 3118 priusquam
814 3034 876 3098 hue
901 3056 999 3099 senex
1022 3037 1114 3100 uenit
1132 3036 1309 3103 Seleoellius.

164 3177 201 3185 -
235 3141 329 3204 1127.
358 3140 421 3205 Ter
450 3141 536 3205 rerin
566 3141 598 3204 in
627 3163 712 3205 auno
741 3162 805 3205 uno
832 3145 868 3205 tu
896 3141 955 3206 hae
983 3141 1030 3206 a?
1058 3141 1237 3210 8070077700
1264 3182 1308 3192 -

164 3248 256 3311 1150.
281 3248 482 3328 ulteriorem]
506 3248 685 3312 uolturium
707 3247 883 3312 dubitanter
905 3247 1083 3315 8000077700.
1097 3288 1142 3298 -
1155 3252 1308 3317 Beiram

160 3355 234 3418 olim
258 3355 335 3418 70170
356 3354 454 3434 fuisse
471 3356 649 3436 suspicatur
666 3354 847 3419 Solaoellius:
875 3354 1091 3440 Spectatores,
1114 3380 1174 3423 uos
1198 3360 1307 3424 ualere

160 3462 309 3525 uolumus
333 3465 378 3542 et,
402 3460 451 3542 <si
475 3461 669 3544 placuimus,
686 3463 697 3544 ΙΙ
715 3461 871 3527 Aecumst
894 3485 952 3528 uos
976 3462 1061 3528 hano
1084 3465 1231 3531 fabulum
1254 3467 1307 3530 ad·

160 3568 298 3650 probare
323 3567 375 3649 el>
400 3567 486 3631 clare
510 3567 712 3650 adplaudere.

249 3673 330 3738 Cum
359 3676 424 3737 iam
453 3673 588 3738 dimidia
615 3697 691 3758 pars
719 3675 814 3740 huius
846 3676 998 3741 edilionis
1027 3678 1116 3761 typis
1146 3680 1309 3763 exscripta

160 3783 258 3859 esset,
290 3780 412 3861 prodiit
444 3780 543 3845 editio
580 3781 772 3846 Friderioi
804 3781 957 3866 Leonis,
995 3806 1091 3867 quam
1126 3807 1201 3850 eum
1233 3809 1308 3852 eon·

160 3885 356 3948 iecturarum
379 3887 575 3953 uberrimam
599 3893 742 3973 segetem
770 3889 922 3953 exhibeat
948 3890 981 3952 in
1009 3893 1214 3977 corrigendis
1241 3896 1309 3980 pla-

160 3990 245 4075 gulis
270 3990 427 4073 respicere
450 4016 516 4058 non
540 3997 641 4078 potui.
690 3994 932 4059 Praefationem
957 4000 1066 4062 aulem
1090 3999 1184 4064 nolui
1208 4003 1308 4066 nimio

160 4119 254 4163 onere
277 4099 413 4162 onerari.
445 4099 528 4164 Item
548 4101 640 4165 doleo
661 4102 745 4186 quod
769 4102 888 4166 libellis
911 4101 1022 4168 Pauli
1047 4101 1308 4194 Schraderi‚*)
1366 4124 1373 4139 ⁸

257 4353 282 4417 ⁴⁵)
309 4352 349 4406 De
373 4353 576 4421 particularum
600 4373 658 4425 ·ne‚
681 4374 767 4426 anne,
793 4376 884 4414 nonne
908 4360 986 4430 apud
1008 4360 1141 4417 Plautum
1167 4364 1310 4435 prosodia

160 4433 203 4488 ed.
223 4435 337 4502 Argent.
357 4450 381 4487 a.
403 4439 479 4488 1885.
705 4430 710 4443 ¹
