2948 5594
106 35 1328 437 Q

172 798 200 854 11
219 807 246 866 3,
265 804 369 854 59-68
646 795 852 854 ΒΑΟΟΗΙΒΕΒ

172 960 317 1028 Tardlro
339 962 375 1027 in
396 967 501 1048 portu

671 1047 824 1103 Nicosvnvs

508 1119 635 1226 lidepol
659 1136 809 1206 mortalis
833 1140 947 1207 mulos.

174 1244 262 1321 Quid
285 1245 423 1332 denique
446 1247 568 1333 agitis?

668 1332 822 1388 Cursum

568 1423 708 1492 Rursum
731 1425 766 1489 in
789 1427 921 1510 portum
943 1424 1124 1511 re‘eipimus.

665 1563 821 1620 Nroosvnvs

171 1648 342 1740 Sapienter
364 1656 486 1721 foetum
511 1679 530 1721 a
553 1656 655 1721 uobis.
693 1655 769 1741 quid
792 1655 840 1721 illi
864 1657 999 1740 postes?
1264 1674 1316 1722 uso

664 1794 820 1850 Cnnrsaars

171 1885 404 1952 Reudrsionem
428 1887 469 1952 ed
492 1889 614 1952 terram
637 1886 762 1953 faciunt
785 1889 922 1973 uesperi.

664 2027 820 2081 Nroonvnvs

174 2092 298 2181 Adrum
321 2116 431 2182 hercle
455 2117 580 2182 auferre
604 2118 749 2182 uoluere:
774 2119 803 2181 ei
826 2119 872 2182 rei
896 2121 1028 2204 operum
1051 2120 1182 2185 dabunt.

666 2251 834 2311 Cnsrssnvs'

171 2348 244 2414 Non
269 2352 321 2413 md
344 2348 475 2431 fefellit,
499 2349 602 2413 senei:
624 2370 662 2413 eo
686 2348 889 2414 exanimatus
913 2349 968 2414 fui.

170 2454 330 2531 Quonidm
354 2455 501 2520 uidemus
525 2458 604 2519 auro
627 2454 764 2520 insidias
787 2453 872 2539 fieri,

169 2560 323 2648 Cepimus
347 2561 520 2628 eonsilium
542 2561 711 2626 continuo:
734 2560 891 2646 postridie

168 2669 356 2734 auferimus
380 2690 492 2733 aurum
519 2689 614 2733 omne
636 2664 722 2732 illim
744 2667 810 2732 illis
831 2670 1055 2752 praesentibus

167 2776 282 2843 Palem
306 2778 403 2859 sitque
427 2778 552 2859 aperte,
576 2778 611 2839 ut
634 2772 684 2839 illi
707 2775 739 2838 id
763 2776 886 2839 foetum
910 2774 1091 2843 sciscerent.

237 2992 299 3041 293.
319 2985 441 3040 Tardnre
459 2984 488 3038 in
506 2987 591 3054 portu
609 2985 754 3054 Haupte'us
770 2985 866 3053 Opuse.
884 2986 943 3039 III
957 3005 987 3056 p.
1006 2992 1076 3055 209,
1095 2991 1312 3064 Britelmayrr'us

163 3084 256 3136 propr.
278 3065 444 3120 laudisbut.
463 3084 488 3120 a.
509 3065 631 3135 mortes
647 3081 675 3132 p.
692 3071 716 3122 5.
736 3063 860 3119 Turbsre
879 3067 907 3119 in
927 3071 1010 3136 portu
1030 3071 1108 3136 libri,
1132 3072 1271 3137 defensum
1294 3093 1312 3127 a

165 3147 264 3202 Rastia
284 3146 383 3214 Opuso.
404 3147 425 3199 I
437 3162 467 3213 p.
489 3150 549 3199 113.
570 3145 686 3198 Servare
709 3144 737 3197 in
760 3148 844 3214 portu
869 3146 1046 3218 Ritscbele'us,
1065 3153 1112 3220 qui
1126 3157 1221 3221 postea
1239 3153 1310 3206 Nou.

164 3228 236 3282 Eue.
263 3244 292 3295 p.
318 3231 355 3280 78
373 3225 496 3281 Turdere
519 3225 548 3280 in
572 3227 674 3295 portud
692 3228 828 3295 probavit.
849 3226 955 3281 Urbate
975 3229 1005 3295 (i.
1027 3248 1047 3282 e.
1068 3237 1180 3298 uiuere)
1199 3233 1228 3286 in
1247 3249 1310 3302 por·

164 3310 223 3361 tum
245 3306 406 3360 Salmasius.
430 3304 553 3361 Turbato
576 3305 605 3360 in
624 3307 710 3375 ponto
734 3307 888 3362 Acidaliae.
917 3308 1047 3363 Inhibere
1075 3311 1103 3364 iu
1136 3314 1219 3382 portu
1240 3313 1309 3368 Gro-

163 3389 271 3442 novius.
291 3386 415 3441 Turbsre
435 3385 583 3455 inportune
601 3387 727 3442 Botbius.
751 3389 784 3441 de
802 3389 916 3442 turbore
934 3389 963 3443 in
982 3391 1110 3458 opertum
1130 3395 1171 3447 vel
1189 3393 1309 3448 Probere

162 3470 247 3537 portu
266 3467 307 3521 uel
325 3484 425 3537 gyrare
444 3467 573 3538 copitavit
591 3467 726 3536 Berytius
747 3467 844 3535 upum.
864 3470 916 3523 ool.
932 3470 953 3522 I
964 3487 994 3538 p.
1010 3475 1065 3524 674
1119 3473 1190 3526 Hem
1206 3474 1307 3544 edepol

162 3547 351 3602 Hermamuus.
380 3546 442 3600 Heu
461 3546 561 3615 edepol
582 3546 770 3601 Camerarius:
797 3549 833 3613 es.
855 3548 1007 3603 Muellerus
1026 3550 1105 3605 Pras.
1121 3568 1151 3620 p.
1171 3557 1225 3606 645

162 3632 223 3681 294.
239 3625 368 3696 portuF
419 3632 480 3680 295.
500 3627 573 3679 Aule
591 3625 688 3680 euobis
706 3628 759 3690 (ita
776 3626 849 3693 BD)
872 3627 913 3693 Qu
933 3645 1040 3682 erasum
1058 3630 1086 3683 B
1141 3631 1220 3684 nobis
1237 3633 1262 3683 Z

161 3708 212 3777 qui
230 3706 287 3760 D¹:
306 3721 375 3760 eorr.
394 3705 438 3758 D²
519 3712 579 3760 296.
599 3706 786 3761 reuersionem
806 3708 865 3761 D¹.·
883 3724 951 3762 eorr.
973 3709 1022 3762 D’.
1042 3712 1230 3765 reuersionem
1250 3711 1311 3765 Fu

234 3786 272 3840 ed
294 3785 410 3855 terrum]
438 3785 556 3840 alteram
581 3787 632 3852 D¹,
656 3788 713 3840 cod.
738 3787 889 3856 Scalipere':
916 3805 985 3842 corr.
1005 3789 1047 3841 D²
1155 3797 1214 3846 ⁵297.
1235 3792 1308 3846 ercle

161 3865 255 3922 ΒΘΖ)
331 3864 437 3919 dabant
455 3864 550 3920 om.0
628 3871 690 3920 298.
716 3867 746 3923 V.
766 3868 839 3922 obelo
858 3874 935 3921 motat
955 3868 1077 3936 Gupretus
1149 3869 1175 3923 fe
1195 3870 1311 3926 fellitO

248 3945 326 4001 sensi
347 3962 380 4000 eo
400 3945 430 4001 0.
449 3963 497 4001 sen
516 3947 573 4001 sieo
592 3946 622 3999 D
704 3963 736 4000 eo
760 3947 809 4001 del.
835 3947 979 4015 Useiupius
1000 3948 1150 4014 ‘Tidere'st
1172 3951 1217 4015 for
1235 3949 1305 4005 Fal)

160 4048 187 4084 a.
207 4033 284 4084 1880
298 4047 328 4099 p.
348 4034 385 4084 59
398 4045 452 4097 sqq.
519 4044 551 4080 er
570 4027 710 4081 animatus
723 4027 759 4081 B.
779 4027 922 4081 exanimus
942 4044 1000 4081 eum
1017 4029 1116 4082 Bottia
1135 4028 1307 4084 Ilitsebelr'ue.

159 4109 304 4163 animatus
322 4109 535 4164 Braebmanuue
551 4125 579 4176 p.
601 4112 656 4162 132
729 4113 789 4161 299.
809 4106 923 4160 CHRIS.
939 4124 1043 4176 praem.
1063 4108 1117 4161 D¹:
1136 4109 1186 4162 <leli
1206 4109 1249 4162 D²

162 4189 303 4254 Quoniam
326 4190 368 4244 D:
396 4188 431 4255 ef.
454 4205 477 4241 v.
503 4191 567 4242 290.
592 4191 659 4242 292.
685 4186 755 4252 Qum
780 4189 814 4240 B.
835 4188 891 4254 quo
916 4187 944 4241 0.
966 4205 1048 4255 quom
1064 4187 1100 4242 F.
1124 4205 1187 4242 oum
1207 4190 1234 4241 Ζ

159 4269 290 4323 uidemus
305 4269 447 4334 Gruterus,
466 4268 615 4322 Bentleius.
630 4266 752 4321 uidimus
767 4269 833 4322 libri
901 4267 1022 4321 Ceterum
1037 4285 1060 4322 o.
1076 4269 1186 4337 expellit
1200 4271 1306 4326 Braeb-

158 4366 281 4404 manuus
308 4366 335 4417 p.
354 4355 426 4414 132‚·
453 4349 563 4418 lortqius
580 4349 758 4418 propreelitur
777 4348 953 4416 Auspaeltius
971 4349 1049 4402 basee
1071 4351 1236 4405 reeeeuiomes
1254 4370 1307 4420 pa-

157 4431 272 4485 rallelas
286 4430 458 4497 dipnoscens:
478 4428 505 4481 Ι.
520 4431 582 4482 300.
598 4431 662 4483 302.
679 4433 742 4481 306.
762 4432 824 4483 307.
845 4432 998 4482 312-314.
1018 4434 1080 4484 315.
1100 4434 1163 4485 330.
1182 4437 1237 4486 342
1252 4449 1306 4503 sqq.

159 4511 209 4564 ΙΙ.
239 4512 395 4566 299—301.
429 4513 583 4564 303-306.
613 4513 767 4563 308-311.
796 4513 948 4563 315-330.
974 4513 1124 4565 331-334.
1154 4517 1305 4566 337-341.

157 4596 216 4647 342
230 4607 285 4661 sqq.
372 4597 432 4644 300.
453 4588 606 4643 Consilium
625 4589 750 4658 cepimus
769 4590 948 4642 Hermannus
1024 4592 1155 4645 continuo
1175 4593 1228 4646 hoc
1247 4609 1307 4645 eum

157 4673 326 4727 Hermanno
339 4671 504 4725 Ritsebelius
557 4669 707 4739 posttridie
724 4671 781 4737 (sed
794 4672 807 4722 t
821 4671 907 4723 altera
921 4686 941 4723 s.
957 4674 994 4737 o.)
1009 4672 1045 4724 B.
1064 4676 1129 4741 post
1147 4671 1231 4724 tridie
1251 4670 1307 4724 01)

214 4759 275 4807 301.
292 4750 357 4805 inde
377 4769 476 4806 surum
492 4752 665 4806 Camerarius
724 4750 796 4803 illim
815 4750 871 4804 illis
890 4750 1063 4805 Ritselselius.
1084 4752 1139 4804 illis
1158 4751 1305 4804 bertillis

155 4833 200 4887 ibi
219 4833 408 4888 Hmmauuus.
428 4831 471 4885 illi
490 4831 619 4885 omnibus
637 4831 775 4901 Berytius
801 4832 898 4899 Opusc.
919 4832 940 4883 Ι
953 4849 984 4900 p.
1004 4836 1058 4885 674
1130 4831 1305 4896 presentibus

156 4912 256 4968 BCF.
282 4915 429 4982 praesente
448 4911 576 4967 omnibus
597 4913 749 4967 Muellerus
767 4912 844 4967 Pras.
862 4928 890 4981 p.
910 4915 964 4965 340
1036 4914 1095 4963 302.
1117 4909 1221 4964 scirent
1239 4912 1277 4965 Β1
