2948 5594
162 316 241 371 XXII
628 317 835 374 PRAEFATIO

161 499 226 544 non
259 481 381 545 habent
413 503 476 564 quo
508 480 706 546 referantur:
738 502 842 565 neque
874 482 960 546 enim
994 481 1141 546 versibus
1165 481 1235 547 955
1245 505 1309 567 sqq.

165 587 245 651 haec
264 587 425 651 sententia
444 588 628 671 respondet,
647 588 701 652 scd
722 610 911 671 responsum
926 587 977 651 his
997 591 1048 652 cst
1068 609 1164 653 versu
1177 588 1309 673 958sq.:

202 693 440 777 Propemodum
451 694 506 757 ubi
517 694 580 758 loci
589 692 739 759 fortunae
749 699 823 759 tuac
835 695 901 759 sint
911 693 1005 759 facile
1015 695 1182 780 intellegis
1191 717 1277 778 aas.

163 799 284 876 Contra
299 801 326 864 si
341 801 380 865 ad
396 801 577 884 exemplum
594 823 613 865 a
628 823 679 865 me
702 801 905 885 propositum
926 801 1075 866 lacunam
1099 805 1134 866 et
1156 802 1310 868 statueris

164 911 196 969 et
220 908 397 990 expleveris
417 929 482 972 non
502 908 597 972 modo
618 908 767 994 dialogus
790 908 872 972 bene
895 908 1052 991 procedit,
1074 928 1189 974 verum
1215 911 1311 974 etiam

163 1035 273 1077 versus
297 1014 361 1078 959
386 1014 514 1079 hiulcus
538 1015 727 1079 soloecusve
751 997 821 1080 esse
846 1007 973 1078 desinit.

252 1119 367 1196 Qualia
399 1125 582 1185 commenta
610 1122 670 1185 etsi
707 1121 802 1186 hodie
839 1121 1001 1204 plerisque
1039 1120 1213 1205 displicere
1246 1124 1311 1188 scio

164 1229 260 1310 atque
285 1228 433 1311 experior
457 1232 490 1292 et
508 1250 567 1312 pro
591 1229 687 1314 nugis
712 1228 837 1310 argutis
856 1227 1013 1292 venditari
1037 1227 1079 1292 ab
1103 1227 1151 1292 eis
1175 1229 1234 1313 qui
1256 1251 1310 1293 nu·

162 1334 304 1416 gaudum
329 1334 608 1419 argutandumque
631 1357 697 1399 non
716 1355 786 1398 csse
810 1335 1009 1399 arbitrantur
1022 1334 1087 1399 nisi
1110 1336 1145 1399 in
1163 1335 1311 1401 codicum

162 1440 310 1504 sordibus
326 1462 477 1525 perversa
502 1442 682 1506 subtilitate
697 1440 914 1524 defendendis,
937 1444 1046 1505 tamen
1071 1462 1137 1505 non
1155 1440 1311 1506 desistam

163 1547 203 1610 ab
223 1567 260 1610 ea
284 1547 418 1630 ratione,
441 1548 586 1631 quamsi
608 1570 674 1612 non
692 1548 811 1632 ubique
835 1569 954 1631 veram,
979 1551 1015 1611 at
1036 1548 1154 1641 saltem
1179 1548 1312 1613 veritati

162 1653 350 1738 plerumque
369 1654 552 1738 propiorem
572 1654 946 1739 adpropinquantemque
974 1664 1043 1720 essa
1067 1654 1188 1720 sentio.
1226 1653 1309 1720 Nam

162 1760 260 1824 ctiam
285 1761 323 1824 de
347 1762 422 1826 crisi
446 1760 597 1826 Plautina
621 1758 740 1829 valet*)
765 1762 848 1844 quod
872 1761 982 1844 posui:

274 1867 382 1932 Factis
405 1890 482 1950 rem,
507 1890 571 1932 non
595 1868 689 1932 dictis
713 1869 812 1932 facies
836 1889 874 1931 ex
898 1869 985 1932 mala
1008 1867 1248 1932 meliusculam.

251 1972 339 2049 Quae
363 1996 435 2039 cum
460 1975 505 2038 ita
524 1975 604 2057 sint,
632 1975 734 2038 nolim
758 1975 852 2039 dictis
872 1975 1077 2058 censurisque
1104 1973 1310 2058 quorundam

161 2080 329 2145 hominum
362 2082 528 2145 doctorum
566 2081 626 2145 hoc
659 2081 730 2144 loco
768 2080 974 2164 respondere,
1010 2080 1161 2165 quamvis
1200 2081 1308 2165 ampla

162 2192 291 2270 praesto
311 2188 355 2251 sit
372 2187 587 2271 respondendi
607 2186 709 2270 copia,
734 2186 789 2250 sed
808 2188 918 2269 potius
933 2187 1076 2251 Rudenti
1094 2192 1171 2271 post
1190 2208 1308 2272 paucos

161 2315 288 2357 menses
313 2294 452 2359 edendae
476 2316 609 2377 operam
633 2293 770 2358 navabo.

252 2435 374 2520 Scripsi
388 2436 482 2500 Heid
492 2436 672 2520 albergas
688 2458 728 2500 m.
744 2435 818 2499 Dec.
833 2456 862 2499 a.
877 2432 1207 2500 MDOOOLXXXVI.

1205 2558 1246 2625 F.
1271 2555 1304 2626 S.

248 2745 271 2813 ⁸)
290 2745 394 2798 Verum
413 2747 455 2799 est
474 2745 548 2812 quod
566 2743 694 2797 nonnulli
712 2742 874 2811 praedicare
897 2760 953 2797 non
972 2743 1105 2797 desinunt
1123 2743 1169 2797 vel
1188 2744 1305 2798 maxime

161 2843 231 2894 opus
246 2842 305 2879 esse
319 2825 561 2892 disquisitionibus
575 2823 767 2893 grammaticis
783 2823 960 2892 matricisque
972 2840 1055 2892 quam
1076 2825 1304 2879 accuratissimis:

161 2907 209 2959 scd
228 2924 263 2958 nc
287 2906 339 2960 hae
366 2905 479 2974 quidem
498 2904 675 2973 quaestiones
699 2906 774 2957 recte
793 2903 909 2957 tractari
932 2906 1049 2972 possunt
1067 2907 1118 2959 aut
1141 2906 1219 2959 recte
1238 2908 1304 2959 trac·

162 2985 217 3040 tari
233 2987 330 3053 solent,
351 2985 399 3039 ubi
413 3002 517 3038 meram
533 3001 590 3038 rem
606 2985 816 3054 grammaticam
836 2984 1037 3052 metricamque
1053 2989 1153 3038 curant
1170 2983 1303 3052 neglectis

160 3083 215 3120 non
231 3067 313 3120 modo
329 3066 483 3120 rationibus
499 3064 611 3130 criticis,
626 3064 750 3118 sedante
766 3062 859 3116 omnia
875 3063 1004 3133 neglecto
1019 3064 1081 3133 ipso
1091 3068 1180 3133 poeta
1193 3063 1302 3118 comico.

162 3145 247 3199 Velut
265 3147 294 3199 in
314 3147 389 3201 Trin.
409 3165 434 3200 v.
454 3151 505 3199 807
530 3162 592 3197 cum
611 3143 778 3198 coniecerim
800 3143 886 3213 Opust
908 3145 1022 3210 fustist
1044 3147 1150 3200 uiatico
1173 3146 1212 3199 cd
1236 3151 1302 3198 tuom

161 3242 265 3290 nomes,
285 3243 414 3295 perverse
433 3224 554 3279 obicitur
575 3225 750 3293 ‘scipionem'
771 3241 826 3277 non
846 3223 971 3277 ‘fustem’
991 3223 1096 3279 habero
1116 3241 1199 3278 sanes
1218 3223 1301 3292 qualis

162 3305 324 3359 Charmides
336 3308 380 3359 sit.
400 3306 472 3359 Nam
483 3305 595 3359 illorum
605 3306 751 3359 verborum
763 3304 902 3358 sententia
912 3305 955 3358 est
964 3303 992 3356 vi
1002 3305 1087 3372 atque
1097 3309 1217 3373 argento
1227 3303 1301 3358 extri·

160 3387 278 3440 candum
293 3384 382 3439 videri
401 3400 514 3438 nomen:
539 3384 611 3436 unde
637 3383 748 3452 proprie
768 3384 872 3438 ‘fustis’
898 3383 1047 3437 adhibetur
1065 3384 1111 3438 vel
1135 3385 1172 3439 ab
1198 3383 1301 3452 elegan·

159 3466 230 3519 tiore
246 3465 366 3520 homine.
394 3464 472 3517 idem
486 3480 552 3517 vero
567 3465 614 3532 qui
630 3468 658 3517 et
673 3463 702 3516 in
718 3466 770 3519 bac
784 3480 814 3518 re
829 3466 857 3518 et
871 3463 900 3516 in
919 3462 1059 3517 similibus
1079 3482 1159 3519 usum
1174 3459 1300 3532 loquendi

160 3564 258 3616 parum
277 3546 457 3599 observatum
477 3560 536 3597 esse
555 3545 649 3611 arguit
672 3544 796 3612 itemque
819 3544 990 3597 archaismos
1010 3559 1159 3613 perperam
1183 3543 1299 3598 invectos

161 3645 230 3691 csse,
250 3626 395 3692 utriusqus
417 3624 548 3693 ‘peccati'
571 3624 667 3677 statim
682 3624 742 3692 ipse
761 3641 824 3678 reus
838 3625 877 3692 fit,
893 3623 941 3676 ubi
952 3622 1026 3676 Trin.
1042 3643 1068 3679 v.
1079 3631 1132 3678 207
1143 3626 1243 3680 delicat
1255 3637 1298 3692 pro

160 3708 262 3760 eliserit
286 3705 429 3773 proponit:
458 3723 521 3758 nam
546 3707 577 3758 ia
600 3721 694 3758 aurem
712 3705 829 3759 delicere
855 3721 909 3757 non
929 3703 1019 3757 miuus
1043 3702 1150 3758 absone
1169 3704 1298 3758 dicerent

161 3803 243 3851 quam
262 3785 317 3836 ‘ias
333 3786 389 3837 (liar
408 3785 548 3839 crtlrirca’.
576 3783 666 3851 Atque
687 3782 759 3836 alius
779 3783 890 3837 criticus
907 3781 1009 3852 prioris
1028 3783 1158 3852 vestigiis
1176 3783 1296 3838 insistens

163 3864 206 3917 vel
226 3865 355 3916 disserere
373 3866 404 3916 in
428 3881 520 3917 onerem
544 3868 641 3933 aptum
664 3865 758 3917 habet.
777 3862 850 3931 ,Sed
870 3864 898 3916 in
918 3862 1056 3916 eiusmodi
1078 3861 1296 3918 adnotationibus

164 3943 208 3995 vel
228 3942 299 3994 adeo
319 3944 347 3994 in
368 3943 534 3996 ‘cuiusdam’
555 3943 632 3997 vitiis
651 3947 680 3996 et
698 3943 831 3997 conviciis
850 3941 1027 4011 exagitandis
1042 3942 1065 3997 si
1086 3945 1198 4013 tempus
1217 3944 1294 3996 terere

162 4022 272 4087 vellem,
292 4021 403 4075 libellus
424 4024 639 4077 conscribendus
658 4026 732 4077 essct
750 4041 800 4092 pro
819 4023 1001 4092 praefatione,
