2948 5594
625 330 832 386 PRAEFATIO

339 497 412 559 241.
437 496 502 559 242
518 526 559 547 =
574 495 639 560 663
648 495 679 581 *l
695 533 737 541 -
753 496 831 579 68ος
855 496 918 561 681
935 532 978 543 -
993 496 1057 561 699

341 1133 505 1305 dicineo
521 1271 561 1292 =
578 1241 644 1305 022
662 1276 697 1287 -
716 1240 795 1325 040,
817 1241 884 1307 944
900 1278 938 1287 -
955 1241 1019 1306 eor

252 1437 303 1501 Ex
325 1439 398 1501 octo
418 1436 469 1501 his
489 1436 618 1522 paginis
637 1436 767 1503 facilius
786 1437 930 1522 expediri
947 1437 1124 1520 potuerunt
1142 1435 1218 1519 240,
1240 1434 1303 1499 250

162 1542 240 1608 251:
265 1543 470 1629 perdifficiles
495 1547 570 1607 sunt
589 1543 663 1627 239,
682 1544 757 1627 249,
776 1543 855 1609 2520
879 1564 959 1628 quas
982 1547 1094 1608 tamen
1115 1541 1303 1606 difficultate

163 1650 224 1714 241
253 1655 286 1715 04
305 1652 370 1715 242
396 1650 474 1715 adeo
498 1654 664 1735 superant,
688 1654 724 1714 ut
746 1672 909 1735 perpauca
932 1671 971 1714 ex
993 1649 1043 1714 his
1067 1646 1216 1713 Loevvins
1238 1669 1306 1733 pro

163 1756 284 1839 tulerit,
308 1757 481 1842 dequibus
504 1779 570 1821 non
589 1757 657 1841 ipse
678 1757 822 1822 dubitari
845 1756 1068 1842 aliquomodo
1091 1777 1187 1839 posse
1211 1754 1304 1841 signi·

159 1863 318 1928 ficaverit:
348 1864 433 1948 quod
462 1863 524 1928 hoc
548 1864 619 1929 loco
649 1864 750 1929 semel
774 1865 937 1930 monuisse
961 1863 1042 1929 satis
1066 1861 1181 1947 habui,
1208 1884 1249 1928 ne
1271 1863 1302 1927 in

160 1974 319 2055 apparatu
330 1970 560 2035 molestissima
570 1971 765 2054 repetitione
778 1970 923 2035 taedium
933 1970 1120 2055 legentibus
1135 1990 1303 2035 moverem.

249 2075 430 2142 Codioem
445 2081 612 2141 veterem
624 2073 684 2162 (B)
704 2075 862 2142 Hinckins
878 2077 981 2142 denuo
991 2077 1141 2161 excussit,
1151 2075 1307 2142 Vatica-

160 2207 247 2249 num
263 2180 322 2271 (ll)
346 2183 515 2268 Augustus
535 2183 629 2269 Mau,
648 2183 1022 2267 Heidelbergensem
1037 2179 1094 2271 (0)
1113 2181 1307 2248 Gottholdus

161 2290 401 2356 Gundermann.
441 2291 490 2356 De
509 2291 638 2356 codice
657 2290 857 2377 Lipsiensi
878 2287 936 2377 (F)
955 2294 989 2355 et
1007 2288 1183 2355 editione
1201 2289 1306 2376 prin-

160 2399 247 2482 cipe
272 2393 328 2483 (Z)
353 2397 499 2482 acquievi
522 2397 556 2462 in
580 2399 626 2462 eis
651 2419 733 2482 quae
751 2396 949 2462 Ritschelius
972 2395 1197 2462 adnotaverat.
1242 2394 1307 2462 Co·

163 2503 287 2568 dicum
317 2502 665 2569 Laurentianorum
697 2504 888 2587 scripturas,
919 2525 1000 2588 quas
1027 2501 1226 2569 Ritschelius
1251 2524 1309 2588 per

163 2611 303 2695 primam
328 2633 476 2675 scaenam
501 2611 706 2693 adhibuerat,
734 2609 783 2674 ‘ut
811 2609 915 2674 denuo
938 2610 1185 2694 intellegeretur
1213 2631 1308 2694 qnam

161 2717 242 2782 nihil
275 2717 388 2782 auxilii
417 2717 457 2782 ad
486 2717 720 2782 emendandum
749 2722 878 2801 poetam
907 2716 1107 2782 noviciorum
1135 2716 1309 2782 multitudo

167 2822 368 2906 codicum**)
389 2823 541 2907 afferret,
565 2824 712 2888 consulto
732 2824 838 2889 omisi.
882 2822 1038 2899 ‘Quorum
1057 2823 1235 2889 collatione
1259 2824 1310 2887 vix

164 2931 335 3016 quicquam
361 2932 529 3015 proficitur
551 2930 615 2994 nisi
639 2931 778 3014 primurn
802 2931 878 3014 hoo,
906 2930 990 3014 qnod
1015 2929 1054 2994 ad
1078 2929 1226 2995 codicum
1250 2926 1308 2994 su

162 3037 272 3124 (Laur.
292 3038 333 3121 pl.
353 3036 494 3102 XXXVI
515 3037 556 3101 37
582 3041 615 3101 04
633 3036 789 3102 XXXVII
810 3035 868 3122 38)
892 3035 1140 3103 similitudinem
1163 3035 1308 3120 promme

165 3144 338 3209 accessisse
353 3165 425 3207 eum
442 3143 560 3209 librum
574 3143 797 3228 perspicimus,
817 3165 911 3227 equo
927 3142 1110 3226 princeps
1126 3144 1307 3228 exemplum

162 3250 306 3315 Merulae
326 3251 457 3314 ductum
476 3255 536 3314 est:
562 3251 710 3334 altorum,
730 3250 815 3334 quod
829 3249 977 3314 Brixiani
992 3248 1132 3335 exempli
1150 3249 1309 3339 ediIorern

162 3359 342 3443 Pyladem
377 3359 587 3442 eognovimus
621 3358 740 3422 multas
773 3357 969 3422 mutationes
1002 3378 1094 3439 suas,
1128 3356 1230 3421 etiam
1256 3357 1311 3422 nbi

163 3467 312 3532 codices
342 3466 528 3549 antiquos
558 3486 623 3528 non
653 3468 845 3545 antestetur,
869 3468 978 3528 tamen
1000 3485 1066 3527 non
1091 3463 1209 3528 debere
1237 3485 1309 3527 oon·

161 3575 313 3657 moturae,
337 3573 392 3638 sed
417 3572 625 3656 interpolatis
649 3572 742 3636 libris
766 3593 842 3635 mss.
866 3574 1017 3654 acceptas
1041 3568 1249 3655 referrem)
1272 3608 1312 3616 -

164 3681 306 3746 Donati
330 3681 486 3745 lectiones
506 3678 651 3744 codieum
676 3677 850 3742 Parisini
874 3683 907 3742 04
926 3675 1132 3742 Bodleiani
1154 3677 1312 3743 benevole

165 3785 245 3847 mihi
269 3786 359 3849 misit
383 3785 545 3851 Carolus
569 3783 765 3849 Daiatzko.

253 3889 400 3954 ‘Veteri
423 3892 555 3956 codice
576 3892 685 3975 aliquo
704 3892 803 3956 etiam
823 3889 968 3976 Scaliger
987 3912 1065 3955 usus
1084 3894 1144 3975 004,
1167 3889 1313 3956 inanius

165 3996 442 4062 annotatiunculis
466 3998 615 4063 Leidensi
642 3998 804 4083 exemplo,
832 3999 871 4063 de
899 4020 963 4084 quo
988 3996 1118 4085 Proleg.
1139 4019 1216 4084 pag.
1239 3996 1312 4061 LIV

251 4200 277 4267 *l
299 4199 396 4252 Errore
416 4201 549 4256 accidisse
569 4202 692 4269 videtur,
712 4203 743 4255 ut
762 4200 836 4268 apud
857 4199 1080 4255 Studemundnm
1104 4200 1123 4257 l
1143 4218 1166 4255 0.
1185 4221 1209 4258 a.
1233 4221 1262 4273 p.
1279 4208 1313 4258 42

164 4295 273 4333 versum
293 4284 345 4335 666
364 4278 484 4348 paginae
502 4281 622 4349 primum
642 4297 702 4336 0000
720 4281 855 4352 legamus.

245 4358 285 4426 **)
307 4358 385 4425 Quae
404 4360 436 4412 ut
454 4359 583 4415 hocloco
602 4360 742 4416 uncinulis
761 4361 862 4416 inclusi
881 4364 910 4416 et
922 4360 1075 4429 includam,
1094 4377 1131 4417 ea
1147 4362 1264 4436 integra
1280 4379 1314 4419 ex

168 4435 314 4493 Ritaohelii
332 4437 507 4508 praefatione
525 4443 693 4512 transcripta
711 4444 783 4498 sunt.
