2948 5594
10 39 1028 431 n

83 820 225 870 ota-est
561 814 749 870 APPENDIX
1166 821 1229 887 169

82 974 190 1030 Blande
209 974 323 1044 appello
343 974 472 1033 Casinam
489 975 635 1045 Vssiuqias
648 977 680 1031 iu
698 977 763 1032 ada.
802 977 844 1044 Of.
863 979 998 1035 Bectcrus
1016 981 1034 1035 t.
1048 997 1070 1035 s.
1085 996 1105 1035 s.
1120 998 1151 1050 p.
1166 986 1229 1038 145.

84 1085 118 1096 -
138 1056 219 1110 Iater
241 1054 332 1108 Nimis
355 1056 386 1109 tu
412 1055 525 1125 quidem
549 1056 644 1112 hercle
668 1063 693 1112 et
710 1056 852 1112 immerito
870 1058 986 1128 Lipsius
1004 1076 1018 1114 e
1040 1059 1127 1116 Vatia.
1146 1063 1228 1119 iasar.

83 1134 175 1190 audax
199 1151 229 1188 es
253 1136 345 1205 (idque
368 1152 419 1190 rec.
444 1136 589 1208 Vesinqias
606 1137 678 1192 nibil
696 1139 834 1192 adnotans
851 1139 883 1193 de
902 1140 1004 1207 tibris):
1026 1140 1077 1194 ubi
1095 1140 1230 1197 audacter

82 1215 183 1269 maluit
200 1214 308 1281 Dousa,
327 1214 391 1270 Mea
409 1231 438 1270 es
457 1220 488 1271 tu
507 1216 618 1285 quidem
638 1216 745 1271 hercle:
767 1217 842 1271 hand
862 1234 896 1271 ex
914 1218 1015 1273 merito
1035 1221 1105 1274 coai.
1125 1221 1229 1276 Acida-

82 1296 152 1362 tius,
178 1309 253 1348 nuno
281 1292 354 1348 irata
381 1293 510 1366 esJiater
533 1296 593 1350 aiia
613 1300 676 1364 post
698 1296 838 1351 immerito
861 1298 942 1352 inser.
970 1297 1122 1366 Geppertus
1145 1305 1229 1366 (nunc

82 1374 214 1428 inmerito
235 1373 326 1442 Pius).
364 1372 406 1440 Os.
429 1373 633 1429 eucaristiam
652 1375 727 1430 Mas.
741 1375 828 1430 Rhea.
845 1376 968 1430 ΧΧΗΙ
977 1395 1008 1446 p.
1024 1382 1079 1433 504
1098 1385 1124 1434 et
1137 1380 1229 1449 praes.

82 1485 116 1495 -
136 1454 184 1523 qui
203 1453 273 1507 mihi
292 1453 340 1507 ted
361 1451 484 1508 Guietus.

172 1538 233 1587 921.
252 1532 310 1587 biv.
328 1531 415 1600 idque
433 1533 538 1586 uestis?
557 1533 609 1589 On.
628 1534 707 1588 Pius.
743 1533 773 1588 id
792 1533 840 1603 qui
858 1534 996 1590 foeminae
1015 1535 1082 1590 estis
1103 1537 1228 1593 Guietus.

81 1612 112 1668 id
132 1612 180 1680 qui
199 1612 267 1666 estis
284 1611 415 1665 mulieres
433 1611 576 1668 Lamaaus
594 1612 670 1681 Spec.
685 1631 715 1682 p.
736 1616 779 1668 38.
1072 1657 1078 1671 .

172 1697 233 1745 922.
252 1707 321 1760 rogo
341 1692 373 1744 ιιι
390 1691 480 1746 altero
500 1694 574 1746 saltn
594 1693 645 1760 (aet
663 1690 769 1762 saltim)
789 1692 864 1746 sinat
882 1693 960 1747 adire
981 1694 1138 1749 Parrasia
1162 1697 1228 1751 adu.

80 1787 151 1838 rogo
170 1770 244 1824 sinat
262 1771 351 1824 altero
372 1768 449 1824 adire
469 1771 592 1826 Guietus.
620 1789 688 1841 rogo
708 1774 740 1826 ιιι
758 1772 833 1827 sinat
846 1789 890 1826 me
905 1773 946 1827 ire
961 1771 1051 1828 altero
1067 1774 1228 1843 Geppertus.

172 1856 223 1904 928
239 1866 293 1920 sqq.
321 1847 394 1903 Volo
422 1853 454 1903 ut
481 1852 610 1905 obuertat
634 1851 758 1906 cubitum
783 1851 867 1905 simul
891 1853 960 1907 Pius
983 1854 1059 1922 (dein
1082 1853 1141 1908 nv.
1166 1861 1230 1910 aute

81 1928 231 1999 Perlepide
253 1935 278 1984 et
301 1927 352 1982 Oa.
377 1933 441 1983 aute
464 1929 579 1984 Sasiam
602 1931 725 2002 addens).
763 1931 835 1986 Volo
859 1935 890 1986 ιιι
913 1931 1045 1987 obuertat
1073 1932 1229 1989 cubitissim

80 2011 226 2078 Aaqelius.
262 2009 343 2064 Tollo
368 2011 401 2062 ut
426 2011 572 2066 obuertam
597 2010 753 2066 cubitissim
776 2013 893 2081 Lipsius
917 2013 962 2067 ‘ea
985 2013 1108 2084 aestiqiis
1130 2014 1229 2070 Rouer.

80 2090 160 2144 tibri’
176 2105 303 2159 perpetis:
324 2088 438 2142 uerbum
453 2090 562 2145 nullum
580 2093 672 2146 mutit.
689 2091 778 2160 Sargo
792 2091 931 2146 utineam
945 2091 1088 2160 amueilli
1102 2093 1228 2163 impingo

80 2169 218 2223 suaniam.
255 2166 314 2221 Mv.
342 2166 488 2236 Perlepide
515 2187 619 2226 narras.
658 2170 710 2225 On.
738 2170 789 2224 illa
812 2172 892 2240 quasi
917 2171 1004 2226 sentis
1027 2189 1047 2227 e.
1068 2190 1092 2241 q.
1111 2190 1132 2227 s.
1175 2175 1229 2229 Vbi

78 2247 198 2303 Nullum
216 2247 315 2301 muttit
334 2247 419 2301 etiam
438 2249 554 2303 uerbum
573 2251 644 2304 iuter
658 2251 717 2303 alia
732 2249 894 2318 Geppertas,
913 2250 1027 2305 Sunium
1043 2252 1107 2305 dum
1124 2268 1229 2319 quaero

80 2329 199 2384 Botbius
223 2331 248 2397 (e
272 2327 383 2395 Gaelt).
404 2358 438 2367 -
462 2328 492 2382 V.
518 2334 569 2383 929
593 2330 637 2382 Ita
660 2322 741 2396 quusi
765 2328 852 2382 sentis
877 2329 1053 2385 Camerarius
1070 2332 1229 2401 refraqaate

82 2407 230 2463 Gulielmio
259 2406 422 2475 (deliaque
451 2409 518 2462 setis
541 2409 687 2477 copitaate)
709 2412 735 2461 et
757 2407 889 2462 Marusio.
909 2439 942 2448 -
967 2409 1046 2463 lubra
1069 2409 1139 2464 mihi
1163 2429 1228 2465 con-

80 2487 183 2557 pungit
205 2488 322 2543 horrens
345 2486 433 2540 barba
451 2486 575 2541 Guietus.
613 2485 718 2541 labella
741 2485 811 2538 mihi
834 2487 1000 2555 compungit
1020 2487 1138 2541 barbula
1157 2489 1227 2559 Gep-

75 2573 181 2637 pertas.
202 2567 260 2633 Of.
275 2568 366 2635 praef.

171 2652 232 2704 980.
265 2645 384 2699 instanti
418 2647 481 2702 ‘alii
513 2646 589 2702 iibri’
624 2644 764 2700 Lambini.
792 2674 828 2684 -
855 2643 978 2712 percutit
1009 2645 1130 2715 pedibus
1157 2646 1229 2703 mihi

79 2726 207 2782 Guietus.
244 2725 286 2792 Of.
305 2727 343 2780 ad
360 2743 384 2781 a.
404 2731 467 2780 931.
836 2769 840 2781 .

171 2811 232 2862 931.
256 2804 365 2872 desilit,
390 2806 521 2860 obtundit
545 2822 575 2861 os
600 2804 669 2858 mihi
693 2805 848 2859 Lambinus
871 2805 903 2858 ia
925 2805 990 2860 ada.
1029 2805 1154 2873 subsilit,
1180 2808 1228 2862 ob·

79 2885 177 2941 tundit
201 2885 271 2941 mihi
294 2903 325 2940 os
349 2885 491 2941 Lomaaus
515 2885 592 2954 Spea
606 2902 635 2953 p.
655 2889 699 2940 38.
737 2882 825 2948 subit,
854 2880 974 2936 obaudit
1002 2899 1032 2937 os
1062 2884 1132 2939 mihi
1158 2886 1229 2956 Gep-

76 2972 182 3036 pertus.
218 2968 320 3034 Aperte
347 2965 416 3019 mihi
443 2984 467 3020 a.
488 2970 542 3021 930
570 2979 715 3019 excurrens
743 2963 865 3017 cohaeret
891 2978 952 3016 cum
979 2961 1050 3016 mihi
1077 2965 1127 3020 boc
1151 2982 1229 3022 uersu

79 3048 193 3103 traiecto
211 3048 326 3115 itemque
343 3045 397 3100 hoo
416 3063 439 3100 a.
459 3050 515 3101 933
533 3060 680 3100 excurrens
698 3044 736 3098 ad
753 3060 777 3096 a.
798 3046 854 3096 932
872 3042 998 3110 pertinet.

171 3131 271 3193 932sq.
295 3123 398 3177 tacitus
422 3122 602 3192 (praefiscini)
626 3138 693 3177 exeo
718 3124 771 3177 hoc
795 3121 950 3175 Palmarias
973 3121 1071 3190 Spicit.
1091 3141 1121 3191 p.
1141 3128 1177 3179 12
1189 3142 1227 3195 sq.

81 3207 155 3261 iuter
174 3207 232 3259 alia
251 3205 335 3269 (urae
354 3203 432 3256 uides
452 3221 507 3272 quo
526 3204 591 3257 trai.
608 3203 733 3267 Guietus,
751 3203 801 3256 aa.
816 3201 889 3267 hoc).
926 3202 1032 3255 tacitus
1050 3203 1228 3272 proficiscens

80 3302 144 3339 cum
168 3286 221 3339 hoc
245 3284 364 3338 Botbius
388 3286 424 3351 (et
446 3300 509 3338 moa
531 3283 619 3350 Exeo,
643 3284 676 3337 ut
699 3296 783 3336 senex
807 3281 859 3334 hoc
884 3278 984 3334 eodem
1007 3282 1090 3349 poclo
1109 3280 1228 3351 biberet,

81 3382 137 3432 quo
162 3381 215 3435 ego
240 3364 299 3417 bibi
319 3370 344 3417 et
357 3369 455 3431 postea
473 3363 574 3432 poculo
594 3363 646 3416 hoc
666 3362 762 3417 eodem
784 3375 839 3429 qno
859 3376 912 3429 ego
932 3359 991 3413 bibi
1011 3360 1110 3430 bibat).
1147 3364 1229 3431 profi-

82 3444 175 3498 ciscor
198 3444 251 3497 hoc
276 3443 434 3510 Geppertus.
452 3475 487 3482 -
506 3443 559 3497 hoc
583 3443 682 3496 eodem
706 3442 802 3510 pocla,
826 3457 881 3508 quo
905 3456 958 3507 ego
977 3439 1087 3495 biberet
1100 3443 1230 3511 praeibat

79 3523 302 3590 Karapmanaus.
320 3523 464 3576 —eodem
485 3524 538 3577 hoc
555 3525 638 3592 pocla
656 3521 848 3576 Fleckeiseaas
862 3519 965 3574 Paua.
980 3521 1023 3572 II
1036 3537 1065 3589 p.
1083 3526 1136 3575 113
1154 3523 1228 3577 oblo-

81 3607 180 3671 queute
194 3601 371 3656 Il‘ienioellcro
389 3604 421 3656 de
435 3620 517 3671 prou.
537 3615 613 3653 loss!
629 3607 654 3656 et
668 3612 733 3652 lt‘sa
746 3602 797 3668 (ed.
812 3598 880 3653 Hal.
895 3616 921 3653 a.
938 3601 1022 3669 1887)
1038 3618 1066 3670 p.
1082 3605 1134 3656 42.-
1152 3620 1176 3656 υ.
1192 3605 1230 3658 ad

79 3699 107 3736 a.
120 3684 183 3736 931.
214 3680 255 3745 cf.
272 3680 437 3736 Bitscbelius
453 3684 549 3749 Opusc.
566 3685 646 3751 Hp.
663 3685 764 3748 418sq.
784 3685 808 3732 et
823 3679 973 3733 Muellerus
988 3680 1064 3735 Pras.
1080 3699 1110 3749 p.
1126 3688 1181 3738 156
1190 3699 1228 3753 sq.

171 3766 231 3814 934.
260 3762 339 3814 taum
364 3765 407 3815 est
430 3762 577 3830 palliolum
603 3763 726 3817 Guietas.
746 3789 780 3799 -
799 3757 889 3831 (pol)
907 3759 983 3812 intus
1002 3760 1048 3812 hic
1070 3761 1228 3829 Geppertus.

172 3845 223 3893 935
238 3856 275 3908 sq.
296 3839 351 3893 Mu.
369 3842 434 3896 baic
452 3844 542 3896 versui
556 3858 676 3911 praescr.
693 3839 848 3894 Saracenas
867 3844 891 3892 et
906 3838 949 3893 Vi.
964 3842 1095 3908 sequenti,
1112 3842 1162 3894 ubi
1177 3841 1227 3897 Oa.

79 3926 145 3974 aute
168 3936 235 3972 num
258 3920 338 3973 iasar.
365 3920 540 3975 Camerarius
563 3922 623 3989 (del.
646 3920 812 3986 Acidaliae).
833 3948 866 3959 —
886 3935 959 3971 nunc
980 3920 1011 3986 (c.
1032 3919 1158 3989 Hetmst.)
1177 3936 1227 3976 om.

79 4000 206 4054 Botbius.
227 4029 260 4037 -
280 3998 359 4051 adita
383 4001 426 4053 est
448 3999 529 4054 uobis
550 4005 666 4054 munus?
691 3999 744 4062 lob
766 3997 867 4051 merito
889 3998 1012 4054 Guietas.
1051 3999 1129 4052 adita
1147 4000 1228 4055 uobis

80 4082 125 4133 est
144 4093 250 4131 manns.
271 4079 388 4134 imerito
408 4078 566 4149 Geppertus.
597 4081 639 4146 Cf.
657 4079 800 4134 Bentleius
818 4080 855 4133 ad
874 4077 936 4132 Ter.
955 4078 1057 4134 Heaat.
1079 4079 1130 4133 IV
1142 4084 1169 4144 6,
1184 4085 1228 4146 14,

79 4158 250 4213 Schraderus
277 4159 309 4212 de
338 4169 390 4209 -ΝΕ
412 4160 515 4226 partie.
535 4177 565 4228 p.
590 4166 629 4215 29
649 4159 730 4229 [283]
759 4163 783 4212 et
811 4159 958 4228 insipaiter
980 4176 1076 4213 errans
1100 4160 1229 4214 Klotaius

80 4239 166 4293 ‘Atta
187 4237 281 4292 Metr.'
297 4255 328 4305 p.
349 4242 402 4292 524
422 4239 466 4303 (cs.
486 4242 562 4306 423).
582 4270 616 4279 -
631 4239 701 4292 Mea
720 4235 768 4291 Cn.
788 4236 833 4291 St!
855 4243 1076 4307 concrepuerunt
1095 4239 1229 4295 Gruterus

79 4321 117 4388 (et
136 4336 203 4372 num
222 4317 274 4372 illa
293 4334 337 4370 me
356 4321 441 4387 nam).
471 4316 519 4372 Cu.
535 4316 589 4372 Sed
605 4320 642 4370 st!
663 4332 848 4386 concrepuere
865 4318 1228 4389 Gaietus(etforisnobis).
1256 4379 1258 4383 ,

79 4398 130 4452 Cn.
155 4397 200 4465 st,
224 4400 391 4467 crepuerunt
414 4399 450 4463 (et
472 4415 540 4450 num
563 4396 646 4451 illaec
666 4415 711 4452 me
729 4400 806 4463 nam)
827 4397 985 4466 Geppertus.
1025 4399 1067 4466 Os.
1086 4400 1228 4456 Abrabam

80 4479 162 4531 Stad.
182 4478 225 4531 Pt.
240 4496 272 4546 p.
287 4483 345 4532 200
354 4494 392 4546 sq.
411 4484 436 4531 et
449 4477 595 4532 Richterus
608 4479 640 4532 ia
654 4477 775 4533 Studeas.
790 4476 868 4531 Stact.
884 4478 905 4529 I
912 4494 941 4544 p.
956 4482 1021 4534 024.
1056 4479 1123 4534 Vide
1137 4482 1228 4549 praes.

171 4562 221 4610 937
235 4573 290 4625 sqq.
325 4558 441 4612 Servata
473 4559 606 4612 librorum
633 4558 811 4626 discriptione
839 4559 871 4610 ιιι
898 4558 948 4612 aa.
976 4564 1001 4612 et
1028 4559 1145 4614 contrad
1176 4577 1227 4616 scr.

79 4636 206 4702 Guietus,
224 4636 348 4705 Flagitio
368 4642 431 4691 aute
448 4654 578 4693 maxumo
596 4639 661 4694 trai.
682 4638 833 4707 Geppertus
851 4653 914 4690 moa
932 4636 974 4690 ita
993 4636 1126 4706 dispudet
1144 4640 1229 4693 corri-

78 4732 144 4786 qeus
169 4717 232 4783 (quo
254 4721 359 4784 recepto
381 4717 438 4770 iam
458 4724 523 4786 post
540 4717 677 4787 aspiciam
695 4720 760 4772 aad.
787 4718 956 4788 Vastaqs'us),
974 4718 1024 4771 ubi
1043 4716 1084 4769 ita
1103 4715 1229 4789 (miser)

79 4794 197 4863 disperii
226 4795 417 4851 Fleckeiseaus
445 4798 544 4854 Exerc.
568 4817 599 4868 p.
623 4805 670 4856 25.
714 4798 756 4865 Of.
785 4798 849 4852 Des.
878 4798 1020 4852 Heraidus
1047 4798 1118 4852 Ado.
1142 4798 1182 4849 ΙΙ
1203 4802 1228 4852 4.

79 4876 185 4930 Contra
212 4876 278 4929 atim.
303 4893 386 4946 auap.
410 4880 492 4932 catut.
516 4880 615 4933 statuit
637 4879 757 4933 Brias'us
780 4879 855 4932 Aau.
877 4878 939 4946 pia'l
964 4876 1104 4931 OXXXI
1119 4894 1148 4945 p.
1168 4883 1228 4933 202

134 4974 228 5014 Pnasrr
242 4976 341 5015 cassan.
946 4964 1015 5019 11²³*
