2948 5594
159 314 221 361 Vlll
621 304 831 361 PRAEFATIO

248 455 296 521 Ae
319 457 458 541 primum
483 457 612 542 quidem
636 456 741 541 qualis
764 457 799 521 in
820 453 849 519 B
878 454 1159 541 sit'diseriptio
1187 455 1237 521 ite
1258 455 1304 539 im·

160 563 352 647 dicabimus,
385 569 421 627 ut
449 586 599 628 versuum
628 563 790 647 principie
822 586 841 628 a
868 566 982 628 nostro
1009 562 1157 647 exemplo
1186 562 1304 628 disere-

160 671 274 755 puntia
298 671 478 735 afferemus.
511 669 681 735 Sciendum
705 674 756 735 est
778 673 887 735 autem
910 668 1055 755 reliquos
1074 692 1213 754 quorum
1237 669 1304 755 qui·

161 778 234 842 elem
257 777 290 841 in
314 776 374 841 hac
394 799 428 841 re
447 779 531 842 ratio
550 777 698 842 habenda
717 779 768 841 est
786 776 913 842 codices
932 798 1043 841 omnes
1062 774 1186 863 (DEJ)
1207 776 1304 861 plene

162 908 235 949 eum
253 883 280 947 B
300 883 482 949 consentire
504 884 568 947 nisi
590 883 645 947 ubi
663 882 862 947 differentiae
883 881 1005 967 aliquid
1024 882 1232 948 testabimur.
1267 881 1303 947 ln

163 992 373 1057 adnotatione
397 990 508 1055 critica
531 991 595 1053 ium
619 990 705 1054 dieta
728 988 870 1053 hicnon
893 988 1094 1054 iterabimus.

255 1116 314 1179 109
335 1137 403 1199 sqq.
432 1115 533 1196 Atque
559 1116 658 1179 audire
686 1150 728 1160 -
757 1114 820 1178 Vbi
845 1134 972 1195 eeenque
999 1113 1120 1178 lubitum
1142 1150 1187 1159 —
1212 1112 1303 1193 Quem

164 1224 227 1287 iem
254 1221 361 1286 ‹lebiue
387 1256 423 1266 —
450 1222 574 1301 Nequid
600 1242 704 1285 necere
730 1257 766 1265 -
795 1219 922 1284 Omnem
953 1220 1096 1285 eni-neem
1123 1256 1166 1267 -
1195 1218 1306 1301 Quinle

160 1350 277 1411 queque
303 1364 339 1374 —

253 1435 318 1499 202
338 1458 407 1519 sqq.
430 1434 555 1517 Semper
573 1434 703 1520 oeeululq
725 1470 767 1480 -
793 1435 885 1499 Vetus
901 1438 946 1498 est
966 1470 1003 1479 -
1028 1432 1116 1499 Mile
1138 1434 1338 1500 orationem

162 1579 206 1589 —
224 1542 329 1625 Louqe
351 1542 450 1606 elium
476 1577 513 1587 -

254 1649 319 1713 386
340 1670 408 1733 sqq.
432 1647 598 1731 Preqrterea
611 1648 669 1713 lue
685 1683 723 1693 -
740 1648 773 1712 A
787 1653 814 1712 te
827 1646 1017 1713 uerberarier
1031 1684 1074 1694 -
1088 1646 1150 1713 Pol
1166 1648 1254 1713 laud
1268 1684 1341 1701 —-

252 1757 316 1821 528
336 1778 405 1839 sqq.
428 1756 512 1819 Are-ie
533 1756 569 1819 id
586 1791 627 1799 -
650 1754 691 1819 Te
711 1754 870 1834 fuelerrcur
884 1791 928 1800 —
942 1752 1031 1818 Dum
1052 1755 1119 1819 eius
1136 1791 1181 1801 -
1201 1752 1325 1841 (le

163 1868 248 1927 reete
272 1859 465 1945 discribunt)
518 1852 521 1857 ¹

253 1970 316 2033 589
338 1990 383 2052 sq.
407 1968 514 2032 Muris
536 1968 645 2033 uellem
670 2004 708 2013 —
734 1967 772 2031 Si
791 1967 872 2048 forte
897 2002 934 2012 -
962 1964 1024 2053 (sic
1048 1968 1138 2032 solus
1162 1966 1207 2055 B)

254 2076 316 2139 631
338 2096 406 2159 sqq.
431 2076 513 2155 Qreiu
526 2096 578 2157 eqo
593 2111 633 2120 -
650 2075 736 2138 Hine
749 2076 819 2139 need
831 2110 868 2121 -
884 2074 969 2154 Quae
986 2074 1074 2139 bodie
1088 2109 1131 2121 —-
1147 2072 1251 2159 (solus
1265 2074 1341 2143 ἶ

255 2184 320 2247 644
340 2204 408 2267 sqq.
432 2182 568 2246 Proinde
592 2183 675 2247 istud
693 2219 735 2227 -
758 2181 828 2265 Eyo
850 2202 922 2245 uere
948 2217 985 2227 -
1013 2182 1163 2247 Viuerrem
1186 2180 1341 2269 (inr—

165 2310 252 2353 erum
276 2311 355 2354 corr.
375 2286 444 2374 m.²)
470 2324 509 2335 ·-
536 2288 597 2353 Vre
618 2289 736 2369 terium
760 2324 800 2333 —
826 2285 931 2374 (solus
954 2285 999 2373 B)

255 2397 319 2461 876
340 2419 408 2482 sqq.
431 2396 561 2479 Sequere
582 2394 640 2458 leue
663 2430 704 2440 —
729 2393 821 2459 Nihil
843 2398 958 2459 ecastor
979 2430 1016 2440 -
1039 2394 1124 2475 Quid
1144 2433 1180 2443 -
1206 2396 1341 2463 Pes

163 2504 193 2566 si
214 2538 259 2547 -
282 2499 345 2587 (sic.
367 2501 445 2585 DE,
468 2506 555 2566 reete
578 2499 649 2584 BJ)

254 2609 318 2672 939
339 2631 407 2695 sqq.
431 2609 567 2691 Depelle
589 2612 735 2672 urerer-eruo
757 2645 793 2653 -
816 2608 917 2672 Immo
939 2609 1025 2673 intus
1047 2644 1084 2655 -
1106 2608 1163 2674 Du
1185 2614 1274 2676 suur'
1292 2634 1341 2673 -ε

170 2752 210 2762 -
236 2714 321 2781 Grex
343 2715 393 2781 eie
417 2716 520 2802 (solus
545 2713 586 2801 B)

255 2840 355 2905 Vides
378 2840 468 2906 ΒΕ]
493 2841 608 2904 melius
633 2862 730 2924 quum
753 2838 780 2902 B
810 2861 1019 2905 conservasse
1042 2843 1222 2925 genuinum
1243 2862 1341 2907 υ·-

166 2970 259 3011 suum
276 2947 432 3032 ordinem3
457 2970 516 3013 nee
535 2951 568 3011 te
587 2947 720 3032 fugerit,
739 2946 767 3010 si
786 2946 867 3011 alies
882 2947 1059 3012 contuleris
1079 2948 1223 3035 fabulas,
1240 2972 1341 3037 p-

166 3055 318 3137 pusillam
351 3056 481 3120 omnino
513 3077 587 3119 esse
613 3055 648 3118 in
681 3053 883 3117 discribeudo
917 3053 1063 3118 codicum
1094 3060 1130 3120 et
1161 3056 1300 3121 editio
1322 3080 1341 3109 ⁴

166 3162 427 3246 discrepantiam.
464 3160 575 3246 Neque
595 3161 626 3224 id
645 3161 763 3225 mirum
783 3161 823 3225 ob
843 3182 994 3225 versuum
1013 3159 1341 3244 simplieitatem!-

165 3270 377 3353 μονοτονίαν.
415 3269 503 3345 Quae
523 3291 573 3332 res
593 3290 670 3331 num
690 3288 805 3352 graeco
824 3271 939 3351 poetae
957 3267 1129 3333 tribuenda
1143 3268 1188 3333 sit
1201 3286 1341 3355 que-

167 3542 322 3612 scripturae
347 3540 369 3594 si
389 3541 501 3610 quando
521 3541 595 3610 apud
615 3556 660 3595 me
679 3540 762 3594 aliter
780 3558 863 3609 quum
890 3539 965 3610 apud
984 3538 1132 3596 Goetzium
1151 3542 1294 3597 efferun
1317 3536 1341 3584 ¹

166 3639 221 3677 nou
239 3621 347 3679 incuria
369 3624 423 3677 hoe
448 3622 492 3692 fit,
521 3620 569 3675 sed
588 3622 654 3689 quie
676 3637 722 3675 me
745 3619 827 3674 aliter
849 3619 951 3691 legisse
969 3620 1041 3674 mibi
1059 3637 1226 3690 persuasum
1257 3634 1301 3672 e
1320 3628 1341 3665 ε·

166 3703 243 3767 (luae
267 3722 327 3757 curu
353 3702 570 3772 legissemus-
591 3716 680 3769 neque
704 3700 779 3755 enim
798 3700 948 3771 quiequam
973 3700 1090 3756 humani
1109 3718 1128 3756 u
1145 3702 1226 3759 nobis
1259 3690 1341 3753 a]

166 3802 232 3837 num
257 3801 315 3837 esse
339 3786 470 3852 putamus
494 3815 527 3822 —
551 3782 647 3837 stetim
671 3782 801 3851 grauiore
824 3798 895 3850 quae
919 3799 975 3836 non
998 3784 1073 3836 reete
1096 3800 1148 3838 nos
1172 3778 1286 3839 rettul
1297 3771 1341 3827 i*

166 3862 261 3930 arguit
279 3863 424 3931 Ussingius
447 3861 572 3931 (negavit
596 3879 621 3916 u.
631 3866 680 3913 141
693 3878 731 3929 sq.
753 3861 934 3929 Chaeribulo,
959 3879 984 3916 u.
1000 3868 1052 3916 226
1077 3862 1165 3919 verbe
1184 3856 1299 3935 Quid
1335 3880 1341 3889 ·

168 3942 315 3995 ruirebileut
338 3940 488 4010 Periphuni
508 3941 582 4009 duri,
606 3961 632 3995 v.
647 3948 698 3995 269
723 3958 782 3996 esse
806 3943 849 3996 eiu
874 3959 908 3995 ex
931 3958 996 4011 euqe
1020 3945 1191 4013 correctum,
1219 3961 1259 3999 u·
1290 3934 1341 4019 5j¹

167 4020 248 4073 multi
266 4021 298 4073 <le
316 4021 365 4073 ubi
383 4022 490 4075 undant
515 4024 565 4077 sed
588 4026 667 4078 melli
685 4025 753 4077 milri
770 4023 803 4076 ele
826 4023 875 4076 ubi
898 4023 1018 4089 endunt,
1050 4040 1076 4077 v.
1093 4028 1145 4078 '105
1163 4025 1276 4079 minas
1312 4007 1341 4094 ¹!

169 4100 289 4167 exstare)
305 4099 504 4169 excerpsimus,
524 4104 673 4157 utiterum
694 4103 723 4156 in
741 4119 799 4156 rem
819 4100 1034 4171 inquireremus:
1054 4102 1218 4173 rogantibus
1236 4088 1341 4154 ποθ’

167 4160 435 4249 Augustusbluu
462 4183 606 4251 respoudit
631 4184 792 4253 Ussingium
816 4182 844 4236 in
869 4183 997 4237 omnibus
1019 4182 1091 4237 miro
1114 4182 1198 4238 modo
1216 4166 1341 4261 001310

166 4258 307 4315 fefellisse.
347 4262 407 4322 Qua
426 4276 454 4312 re
473 4261 495 4314 si
519 4262 629 4330 quando
648 4263 777 4332 Ussiugio
801 4264 891 4318 denuo
915 4280 1078 4333 persuasum
1101 4264 1157 4319 erit
1178 4280 1208 4321 se
1234 4252 1341 4313 “1¹⁸5

168 4340 283 4408 lessiS⁸⁰‚
312 4337 432 4392 amicum
453 4338 606 4395 Romanum
630 4343 822 4413 inposterum
845 4360 901 4398 non
920 4343 1128 4399 sollieitendum
1152 4360 1212 4399 esse
1236 4320 1341 4393 inm*

169 4420 293 4473 luximus.
