2948 5594
168 307 259 362 XVIII
641 308 848 366 PRAEFATIO

308 473 381 537 357.
405 473 469 538 358
486 501 528 526 =
543 475 728 540 818-837.
752 475 928 541 838-854

330 581 382 645 69.
429 582 471 644 70
487 612 527 633 =
543 581 728 648 aue-872.
753 583 929 649 873-883

308 686 385 859 {sl
1067 758 1238 845 xxuue

331 903 381 967 79.
428 902 728 969 80=957-975.
753 902 929 969 976-992

308 1008 381 1072 371.
406 1009 470 1073 372
487 1008 1024 1076 =993-1011.1012-subscr.
1074 1025 1076 1029 '

255 1149 325 1215 Has
340 1152 548 1218 Ambrosiani
562 1152 716 1237 reliquias
740 1174 768 1217 a.
781 1148 1136 1216 MDOCOLXXXVIII
1154 1174 1209 1235 per
1223 1150 1289 1215 sedc—

167 1259 231 1322 cim
255 1259 322 1323 dies
347 1261 541 1343 pertractavi
570 1263 726 1344 quantum
754 1259 848 1342 potui
877 1258 1137 1345 diligentissime.
1181 1258 1224 1323 Er
1241 1256 1290 1320 hac

168 1364 398 1452 descriptione,
425 1388 521 1450 quam
552 1366 705 1431 adhibitis
729 1365 901 1430 Ritschelii
925 1363 1144 1451 Geppertique
1172 1364 1289 1431 collatio·

166 1469 320 1559 nibus**)
345 1473 546 1558 singulisque
563 1471 773 1538 Studemundi
792 1472 990 1537 testimoniis
1009 1471 1215 1556 confeceram,
1232 1490 1288 1535 cum

166 1583 337 1645 contextus
362 1584 600 1664 apparatusque
624 1602 690 1644 non
713 1579 810 1644 modo
835 1579 993 1664 digestus,
1026 1579 1084 1645 aed
1108 1581 1202 1645 etiam
1220 1575 1287 1662 typis

166 1686 345 1772 exscriptus
376 1691 477 1766 esset,
507 1686 560 1751 diu
591 1690 813 1771 exspectatum
846 1686 967 1770 prodiit
997 1684 1206 1752 Studemundi
1229 1703 1287 1767 apo·

166 1793 340 1877 graplrurn,
369 1793 454 1878 quod
477 1794 512 1857 in
536 1793 713 1877 appendice
737 1798 864 1858 tantum
896 1794 943 1857 ita
967 1792 1123 1859 adhibere
1145 1793 1237 1879 potui,
1258 1789 1286 1851 nt

165 1899 357 1983 gravissima
386 1902 502 1965 saltem
531 1909 703 1966 enatarem.
750 1899 835 1965 Nam
853 1901 944 1986 'qnas
975 1899 1009 1964 in
1040 1906 1198 1986 apparatu
1221 1915 1285 1962 con·

166 2007 341 2072 memoravi
366 2004 578 2073 Studemundi
607 2007 762 2072 lectiones
787 2004 886 2094 (As),
910 2029 964 2072 eas
988 2007 1154 2072 sciendum
1177 2009 1283 2071 estnon

165 2135 203 2178 ex
227 2116 416 2199 apographo
446 2115 632 2198 desumptas
660 2136 744 2199 csse,
774 2114 830 2179 sed
859 2137 897 2179 ex
925 2114 1189 2181 adnotationibus
1212 2112 1284 2176 anae

165 2223 222 2284 aut
245 2222 286 2286 ab
310 2221 380 2304 ipso
406 2226 463 2286 aut
486 2244 505 2286 a
528 2221 695 2305 discipulis
724 2217 914 2307 factis.***)
962 2221 1031 2286 Iam
1061 2222 1147 2286 inter
1168 2223 1282 2285 nostran

167 2324 444 2412 Studemundiqne
471 2328 641 2393 lectionem
672 2328 733 2392 etsi
763 2327 928 2412 graviores
959 2327 1048 2393 haud
1077 2349 1149 2393 raro
1178 2328 1282 2390 interce·

164 2432 245 2503 dunt
276 2434 527 2519 discrepantiae,
561 2434 678 2518 quibus
712 2434 902 2519 plerumque
932 2430 1014 2521 (non
1046 2432 1185 2519 semper)
1210 2430 1280 2495 illum

165 2540 292 2605 veriora
324 2541 444 2606 vidisse
477 2543 620 2606 libenter
651 2539 923 2626 concesserim†),
955 2547 1062 2606 tamen
1097 2564 1162 2606 non
1189 2535 1281 2606 dubito,

165 2647 243 2731 quin
275 2649 370 2731 aequi
403 2649 524 2713 iudices
558 2650 596 2713 de
627 2671 726 2731 opera
757 2671 829 2713 mea
860 2648 938 2712 satis
969 2649 1112 2735 benigne
1141 2635 1281 2711 iudicaturi

164 2752 239 2819 sint.
284 2754 368 2820 Nam
394 2778 549 2840 persaepe
568 2755 774 2820 consentiunt
797 2757 998 2841 testImonia,
1028 2756 1127 2820 etiam
1151 2754 1201 2818 ubi
1221 2748 1280 2834 prio

255 3003 280 3070 l²)
300 3003 385 3057 Extat
404 3021 536 3057 numerus
556 3003 585 3055 in
605 3003 659 3055 fine
677 3001 726 3054 fol.
751 3003 818 3056 extr.
838 3001 932 3055 Media
958 3005 1052 3056 autem
1072 3001 1141 3056 solia
1158 3018 1209 3056 non
1224 2992 1282 3066 qual·

168 3085 239 3150 tuor,
261 3083 310 3134 sed
326 3084 380 3137 duo
395 3081 578 3150 intercidisse,
599 3085 629 3136 ut
648 3080 738 3135 ternio
752 3099 803 3150 pro
818 3082 1001 3149 quaternione
1019 3084 1113 3152 luerit,
1132 3100 1165 3137 ex
1182 3088 1282 3134 uersuum

168 3163 377 3230 computatione
406 3163 515 3231 locique
544 3162 632 3230 ipsius
660 3162 767 3216 ratione
792 3161 873 3231 [iluna
898 3163 1024 3217 aflicItur.
1063 3164 1134 3216 Nam
1159 3181 1190 3217 ex
1211 3161 1284 3212 nostra

169 3240 293 3296 editione
313 3243 491 3297 intercedunt
514 3262 539 3295 v.
561 3249 593 3296 73
614 3259 675 3296 cnm
695 3240 888 3310 inscriptione,
912 3244 945 3295 ut
967 3242 1038 3296 nihil
1062 3243 1120 3297 fere
1139 3237 1284 3296 desideretur

165 3323 200 3376 ad
220 3323 273 3377 duo
293 3323 363 3377 folia
382 3325 527 3392 explenda.

252 3405 294 3471 **)
315 3403 673 3472 Vtramqrre(r1retAp)
698 3420 760 3457 raro
785 3402 888 3456 diserte
907 3404 1137 3457 commemoravi:
1162 3392 1284 3469 compluri-

164 3483 214 3536 bus
230 3487 325 3538 antem
341 3484 453 3554 paginis
469 3483 540 3538 nihil
554 3484 613 3537 fere
628 3481 798 3536 Ritschclius
812 3482 969 3551 adscripsit,
989 3482 1044 3536 nisi
1059 3483 1210 3537 miserrIme
1227 3473 1285 3534 habi·

163 3564 207 3616 tas
223 3580 281 3618 esse
297 3566 342 3618 vel
357 3581 499 3634 perpauca
513 3564 627 3633 agnosci
642 3579 730 3631 posse.
768 3561 865 3630 Neque
880 3565 975 3616 tamen
991 3564 1101 3631 desunt,
1117 3580 1188 3633 quac
1202 3560 1286 3631 optim

164 3643 220 3696 iam
240 3642 289 3696 ille
308 3644 488 3711 expedirent.

252 3723 311 3790 ***)
331 3721 459 3777 Ceterum
484 3723 570 3777 etiam
593 3723 664 3777 alter
688 3722 837 3776 fasciculus
865 3724 1039 3779 ‘Studiorum
1064 3725 1093 3778 iu
1120 3725 1221 3794 priscos
1239 3716 1287 3773 scri·

163 3804 258 3871 ptores
278 3801 381 3856 latinos
401 3803 579 3859 collatornm’
600 3803 721 3872 prodiit,
741 3819 803 3857 cnm
823 3821 888 3872 pars
908 3806 989 3859 huius
1010 3805 1144 3860 editionis
1161 3805 1216 3858 iam
1231 3795 1287 3868 typis

163 3884 304 3951 exscripta
327 3885 409 3938 esset.
440 3884 581 3939 Posterius
601 3885 687 3937 etlam
706 3883 735 3936 in
753 3900 853 3937 manua
872 3902 948 3939 meas
968 3885 1099 3955 pervenit
1118 3883 1218 3938 Klotzii
1235 3881 1288 3934 liber

163 3963 197 4017 de
216 3981 244 4017 re
263 3965 382 4018 metrica
400 3969 527 4020 veterum
547 3967 694 4034 poetarum
718 3963 882 4033 latinorum,
908 3967 942 4020 da
961 3984 1016 4035 qno
1044 3967 1140 4033 doleo,
1164 3962 1233 4035 quod
1248 3974 1288 4014 nou

163 4060 277 4112 possum
293 4061 347 4098 non
362 4044 486 4115 iniquius
502 4045 635 4113 iudicare,
656 4044 710 4099 etsi
724 4045 769 4098 hic
789 4045 848 4100 illic
868 4064 963 4101 verum
983 4046 1094 4101 viderit.
1133 4051 1170 4101 nt
1186 4042 1287 4098 niolitus

161 4140 272 4192 quoqne
301 4141 396 4179 eorum
425 4127 503 4180 auxit
530 4143 688 4191 numerum,
717 4126 766 4193 qui
788 4143 844 4180 non
864 4125 1033 4195 intellegant
1058 4126 1196 4181 caecutire
1218 4123 1287 4176 artem

161 4205 307 4260 metricam
327 4207 362 4260 ab
383 4208 442 4260 arto
462 4205 561 4261 critica
580 4205 752 4261 destitutam.

250 4291 279 4352 ψ)
299 4285 318 4338 Ζ
337 4288 418 4354 nota,
442 4304 526 4355 quam
549 4304 633 4341 manu
657 4286 774 4354 antiqua
797 4288 832 4341 ad
851 4306 876 4342 v.
897 4293 947 4341 961
971 4287 1002 4340 in
1031 4303 1119 4355 marg.
1144 4284 1287 4353 adscriptam

161 4382 218 4435 vidi
239 4384 318 4451 (nihil
331 4387 396 4451 Aa),
421 4384 515 4440 nescio
536 4403 571 4439 an
591 4384 742 4440 cohaereat
759 4403 823 4451 cnm
839 4369 1075 4441 ZASTRAPHIV
1089 4386 1222 4456 scriptura
1236 4395 1287 4435 non·

161 4462 226 4517 dnm
247 4464 379 4534 expedita
396 4465 425 4519 in
444 4466 472 4520 B
492 4468 573 4523 Truc.
588 4473 648 4522 209.
