2948 5594
178 321 242 377 XVI
365 348 368 353 ·
649 314 854 371 PRAEFATIO

173 490 208 550 ut
228 486 298 568 ipsa
322 521 361 531 —
387 484 583 566 lalliqiauqas
603 482 608 564 Ι
629 484 675 562 [et
698 480 832 560 Emitto]
853 515 893 526 —
916 479 1024 561 potiris
1048 477 1120 559 [sed
1138 476 1261 559 Soleus]
1284 514 1316 525 -

170 593 353 674 aequissime
368 627 408 636 -
427 592 511 655 douai
534 593 602 672 est!
625 626 662 633 —
682 588 882 671 prasenti-
907 585 975 650 abis
999 584 1065 669 Ι-
1090 585 1149 650 troc
1165 587 1260 651 etiam
1280 621 1314 630 -

171 698 529 780 abeo—eqoitlis-
555 715 762 760 animarem
788 729 825 740 -
851 689 1017 777 measl-
1044 692 1085 757 us
1111 693 1312 757 ast-aiat

172 826 242 871 mas
267 842 304 852 -
329 805 469 870 auissim
495 839 532 849 -
558 802 638 885 sietl
660 798 805 886 -eratl

268 913 300 976 V.
325 910 519 976 sal—530:
546 946 582 955 —
609 914 723 973 mum
745 913 790 973 est
810 944 846 953 —
868 908 921 972 sed
940 906 1035 988 facito
1054 943 1097 952 -
1116 906 1181 971 aba
1206 942 1244 952 -
1264 927 1307 971 sa

173 1019 293 1100 triam!
316 1055 354 1064 —
382 1019 477 1083 scitus
508 1038 538 1081 es
563 1015 628 1103 Ι-
654 1015 781 1079 ambula
807 1013 872 1099 Ι-
897 1019 1005 1079 uacent
1022 1008 1030 1095 Ι
1052 1049 1089 1059 -
1115 1034 1222 1078 amare
1247 1011 1304 1093 [sed

177 1125 273 1205 Quid]
296 1162 333 1171 -
354 1125 476 1188 mitrisis
495 1160 537 1168 —
556 1124 640 1187 domi
659 1125 664 1200 Ι

267 1233 301 1296 V.
315 1230 507 1297 563-590:
524 1265 560 1275 —
582 1234 806 1294 amatorem-
826 1229 884 1294 siet
899 1225 903 1313 Ι
921 1265 962 1274 -
981 1228 1106 1292 cuidam
1123 1261 1162 1272 —
1177 1224 1298 1310 pandat

171 1377 215 1385 —
229 1343 344 1421 oportet
357 1373 399 1386 -
413 1339 538 1402 aduocat
557 1342 562 1415 Ι
585 1373 622 1384 -
639 1341 711 1400 ante
725 1335 795 1420 (sed
808 1331 884 1422 Sed)
902 1371 937 1381 -
955 1335 1092 1399 audierit
1109 1332 1115 1418 1
1139 1369 1176 1379 -
1186 1333 1297 1415 propia

172 1444 242 1526 [sed
261 1446 393 1525 Accede]
420 1482 456 1491 —
477 1444 693 1526 praestolabar
716 1442 786 1523 [sed
811 1442 866 1523 Te]
894 1477 930 1487 -
956 1437 1068 1525 amm!
1100 1439 1150 1522 (et
1170 1439 1239 1505 Iam
1256 1436 1294 1519 ne)

170 1588 207 1598 —
233 1552 349 1616 sodalis
366 1587 403 1597 —
420 1571 495 1616 suae
515 1549 519 1636 Ι
543 1587 580 1597 -
602 1552 680 1615 istuc
704 1549 773 1631 [sed
803 1548 934 1629 Vitium]
956 1585 993 1597 -
1014 1553 1060 1612 est
1082 1546 1153 1628 [sed
1172 1546 1251 1626 Noa]
1266 1579 1290 1589 -

165 1658 391 1723 subblandirier
411 1661 416 1737 Ι
438 1695 478 1704 -
493 1678 569 1741 aprus
588 1657 594 1739 Ι
617 1694 654 1705 —
680 1657 814 1738 aliquem
841 1691 879 1702 -
903 1657 1086 1735 aurasium!

261 1765 295 1830 V.
319 1765 516 1829 uer—609:
546 1801 580 1810 —
608 1785 736 1828 araurem
766 1800 802 1809 ·-
836 1763 1024 1826 coiiimodum
1046 1759 1051 1846 Ι
1075 1797 1112 1806 -
1133 1761 1224 1843 pretii
1239 1759 1243 1840 Ι
1261 1791 1285 1802 -

165 1872 242 1953 quid
262 1871 329 1953 est!
353 1908 389 1917 -
415 1872 459 1936 ad
479 1872 724 1936 aas-occasio
752 1907 788 1916 —
814 1870 1033 1934 arcessituram
1060 1904 1097 1914 —
1123 1868 1266 1932 dicisat

168 1980 215 2058 [et
236 1977 337 2061 Erpa]
362 2015 403 2024 -
427 1977 506 2042 mibi
525 1980 530 2059 Ι
552 2015 590 2024 -
613 1999 649 2043 ca
676 1980 746 2059 ipsa
775 1977 844 2056 [sed
877 1975 973 2055 Quia]
996 2011 1040 2020 -
1063 1993 1221 2039 measurari
1237 1972 1241 2051 Ι
1255 2003 1284 2015 -

166 2084 239 2148 bene
261 2087 328 2166 astl
351 2119 388 2130 -
409 2087 635 2168 seqre—quia
657 2086 716 2148 erit
740 2120 778 2129 —
804 2083 925 2165 quidem
945 2082 950 2163 Ι

263 2191 297 2255 V.
322 2191 513 2256 raa-779:
538 2229 576 2238 -
603 2193 689 2256 ludos
715 2227 752 2236 —
779 2189 978 2270 ludificabdes
997 2185 1003 2274 Ι
1025 2224 1066 2235 -
1091 2190 1162 2253 tatis
1182 2222 1219 2233 -
1238 2182 1283 2265 uqi

167 2295 1126 2382 tis—oppal-caudidel-ambulatt—amaat!
1157 2289 1282 2356 -a'u'-

168 2403 292 2467 matura
310 2402 315 2488 Ι
336 2440 377 2449 -
392 2406 480 2486 coqui
500 2405 505 2487 Ι
528 2441 566 2450 -
577 2408 764 2487 pencortaat
780 2439 816 2451 -—
833 2423 934 2468 senaa
954 2405 959 2489 Ι
982 2439 1019 2450 -
1036 2406 1158 2467 austras
1172 2398 1233 2486 (sed
1249 2390 1284 2477 u)

169 2544 207 2556 -
233 2510 292 2573 cibi
311 2512 316 2589 Ι
337 2508 384 2594 (et
408 2507 508 2597 Noai)
536 2548 572 2556 —-
598 2512 710 2576 ostium
730 2510 735 2594 Ι

262 2617 295 2680 V.
321 2618 514 2681 uso—795:
547 2655 585 2663 —
611 2624 693 2682 cocta
725 2654 767 2663 —
799 2617 869 2681 uoto
898 2615 902 2702 Ι
928 2653 962 2662 -
989 2617 1128 2698 stuprat
1159 2650 1191 2661 -
1220 2617 1285 2693 aqu

166 2725 259 2787 istam
283 2721 355 2806 (scd
378 2722 454 2808 Sed)
481 2762 517 2769 —
544 2747 594 2788 era
614 2724 619 2812 Ι
642 2762 679 2770 -
708 2726 887 2788 coatciuiam
908 2725 913 2806 Ι
936 2761 976 2770 -
1000 2725 1143 2788 niatieras
1168 2760 1202 2768 —
1224 2716 1287 2784 mur

168 2830 238 2910 [sed
267 2830 349 2912 Epo]
377 2868 412 2875 —
439 2834 594 2912 speculare
625 2832 696 2911 [sed
724 2831 820 2911 Qui-idyl
845 2868 885 2876 -
908 2832 1061 2910 festinant
1084 2868 1123 2876 -
1149 2831 1213 2894 illoc
1235 2820 1287 2911 (sed

168 2936 244 3014 [Abi
258 2939 304 3016 et]
328 2936 455 3022 Iaaruc)
482 2975 518 2984 -
545 2939 663 3019 esurit}

254 3042 301 3106 De
326 3065 515 3108 scaenarum
540 3045 806 3128 inscriptionibus
834 3066 1109 3129 personarumque
1140 3037 1289 3107 notationi·

167 3148 226 3210 bus
245 3150 326 3213 nihil
345 3152 449 3215 habeo
469 3153 554 3236 quod
579 3152 694 3216 addam
721 3152 862 3236 itemque
887 3152 1028 3236 deipsis
1053 3165 1289 3234 personarum

166 3256 387 3321 nominibus
405 3259 456 3322 vix
468 3258 643 3342 quidquam
655 3258 794 3323 aliorum
809 3258 1086 3342 disputationibus
1101 3255 1290 3321 adiciendum.

167 3359 367 3444 Sperandum
391 3368 499 3429 autem
524 3371 573 3429 est
597 3366 680 3449 fore,
708 3373 745 3429 ut
774 3366 905 3429 tandem
930 3364 1104 3448 aliquando
1130 3362 1291 3428 ‘Stalino

165 3468 243 3532 nis'
267 3477 449 3536 monstrum
473 3494 544 3536 cum
569 3473 660 3537 furca
679 3472 841 3555 expellant
864 3472 1011 3536 homiues
1035 3470 1132 3554 docti,
1155 3469 1233 3554 quod
1255 3463 1292 3529 vel

164 3579 347 3657 nuperrime
371 3579 405 3641 in
429 3579 714 3643 dissertationibus
738 3578 1132 3662 commentationibusque
1155 3578 1292 3659 scriptun

164 3681 237 3744 vidi.
283 3683 368 3747 Nam
392 3685 636 3767 Lysidamum
666 3707 774 3750 senem
803 3685 913 3748 audire
947 3685 1071 3768 primus
1095 3685 1217 3767 pridem
1239 3681 1292 3743 itit·

164 3786 303 3850 schelius
333 3791 529 3873 significavit
557 3791 675 3875 Opusc.
699 3791 731 3854 ΙΙ
760 3815 790 3874 p.
814 3792 877 3856 381
909 3789 964 3876 (cf.
988 3814 1017 3875 p.
1041 3792 1109 3856 484
1132 3790 1215 3867 adn,
1240 3785 1291 3850 osa

164 3891 235 3955 adn.
260 3898 292 3956 et
316 3894 363 3958 III
388 3920 416 3979 p.
441 3900 504 3962 321
522 3897 583 3983 sq.)
611 3899 779 3982 tribusque
813 3898 905 3962 annis
938 3901 1013 3980 post
1046 3897 1222 3961 accuratius
1250 3894 1290 3956 de

164 4003 360 4065 monstravit
383 4003 621 4069 Studemundus
644 4003 796 4090 (Emend.
812 4004 857 4068 ΡΙ.
880 4029 909 4088 p.
925 4007 945 4068 3
957 4001 1051 4088 sqq).
1098 4005 1147 4068 De
1169 3999 1289 4067 Porda-

163 4105 263 4171 lisoa
291 4128 367 4175 vero
396 4113 481 4196 quod
509 4112 587 4176 olim
612 4112 839 4177 Fleckeisenus
869 4109 974 4197 (misc.
995 4111 1063 4174 crit
1084 4134 1111 4174 a.
1133 4111 1213 4175 1864
1232 4130 1257 4191 p.
1272 4104 1287 4164 6

162 4213 202 4276 ad
227 4238 255 4279 v.
276 4213 333 4302 11)
361 4219 466 4283 obiter
498 4219 735 4284 dubitationem
769 4218 920 4283 movebat
953 4240 994 4281 an
1026 4219 1145 4282 rectius
1176 4210 1286 4280 Perdi·

162 4320 260 4385 lisca
275 4325 442 4408 scribatur,
456 4325 535 4389 haec
551 4327 665 4410 forma,
682 4350 777 4410 quani
795 4348 869 4390 raro
884 4325 1031 4408 exemplo
1047 4324 1089 4408 B,
1108 4320 1283 4389 constantius

161 4425 196 4488 F
215 4430 364 4515 praebet,
397 4431 486 4495 omni
516 4434 711 4497 auctoritate
741 4433 897 4497 destituta
924 4433 984 4495 est.
1030 4430 1100 4496 Iam
1134 4429 1207 4495 illud
1231 4444 1281 4490 nou
