2948 5594
164 357 224 421 118
639 352 825 409 APPENDIX

159 501 384 566 Lindemannus‚
402 497 492 568 cupiit
509 498 641 552 Botbius⁸
661 529 691 535 —
721 498 754 552 ele
772 512 825 566 qao
844 498 878 563 ef.
893 501 956 566 past
976 494 1181 551 Fleclsisenum
1205 494 1305 565 Empel-

160 581 283 634 breebtus
306 580 323 633 l.
342 596 363 633 s.
382 595 403 634 s.
420 595 450 647 p.
470 583 526 633 231
552 609 598 643 -,
627 575 760 646 cupiduet
787 576 977 631 Fleckeisenus
999 575 1105 631 Annal.
1127 574 1199 644 pbsl.
1223 579 1241 628 t.
1266 573 1307 628 01

158 678 185 727 p.
205 663 268 724 431,
287 658 313 713 ci
334 657 426 712 lubuit
443 658 483 712 vel
502 655 650 711 lubitumst
669 656 820 711 Muellerus
840 655 979 710 ‘Naebtr.'
995 672 1026 724 p.
1047 657 1084 709 98
1101 655 1166 709 adn.
1190 655 1236 724 (es.
1255 658 1304 708 145

160 740 248 808 adab,
272 738 361 807 cupit,
380 739 440 790 tum
459 737 636 806 Niemeperus
655 736 749 790 Herm.
771 734 854 789 XIV
866 754 893 804 p.
914 739 979 802 448,
998 751 1068 804 quae
1092 734 1186 789 omnia
1203 750 1301 789 uersum

159 819 294 885 fulciant,
312 834 369 871 non
392 816 565 870 sententiam:
589 816 661 869 ursae
680 831 774 871 cernor
793 816 880 870 ‘Pau
897 815 979 870 Ana'
1001 816 1022 868 I
1023 814 1041 867 I
1050 830 1080 883 p.
1094 816 1152 869 248
1159 830 1199 884 sq.
1216 829 1300 868 assem

160 901 241 952 tierete
263 898 366 951 Briaio
395 902 419 951 et
446 895 572 965 Vssinpio
594 912 700 949 casum
722 896 863 950 deleuerat·
905 894 982 950 Satis
1010 894 1143 964 ammodo
1174 893 1299 949 canate

164 978 202 1032 ‘se
219 976 336 1045 ruperit’
358 980 470 1030 enarrat
485 976 638 1043 parasitus.
677 974 799 1030 Ceterum
821 976 920 1030 eabae
946 976 1006 1029 loco
1021 989 1128 1028 uersum
1145 990 1164 1027 a
1182 973 1297 1028 Pcmam

161 1059 276 1112 allatum
300 1073 356 1110 non
380 1054 440 1109 edit
461 1055 494 1107 ut
517 1053 619 1123 possit,
644 1055 693 1107 sed
717 1070 799 1124 posse
817 1054 864 1110 hic
887 1057 921 1109 ut
938 1054 1006 1109 edat
1028 1052 1107 1124 cupit
1120 1053 1233 1124 petitum
1248 1068 1295 1108 esu

161 1138 306 1194 uerisimile
323 1137 402 1190 babet
427 1136 567 1189 Winterus
587 1135 632 1188 Pl.
651 1135 750 1203 [raam.
766 1151 796 1203 p.
816 1139 852 1190 81
871 1136 911 1203 (l).

234 1223 294 1273 466.
318 1233 409 1284 neque
432 1231 516 1284 mage
540 1215 675 1268 ecfertum
701 1213 830 1280 Gerasus,
853 1214 1014 1284 Spmpelius
1033 1215 1049 1268 l.
1068 1229 1090 1268 s.
1109 1231 1131 1269 s.
1152 1231 1182 1284 p.
1200 1217 1288 1268 435.-

162 1297 307 1352 cffarctum
327 1296 448 1350 Siberus.

236 1383 297 1430 487.
321 1376 369 1443 qui
389 1377 418 1445 (i.
439 1392 459 1431 e.
480 1391 534 1443 quo
558 1375 614 1442 die)
638 1353 863 1444 ...becsperis
882 1373 1028 1443 Scioppius
1052 1373 1133 1444 Susp.
1153 1375 1205 1429 leet
1229 1373 1286 1426 Vm

158 1476 189 1527 p.
208 1459 283 1525 265).
302 1455 351 1509 ubi
426 1455 582 1525 occeperim
604 1453 762 1524 Geppertus.
802 1455 878 1509 Mire
900 1453 1021 1508 Briaius
1042 1459 1068 1508 et
1086 1452 1153 1520 quoi
1174 1485 1204 1494 —
1226 1468 1284 1507 occe·

164 1536 237 1605 perit
254 1540 343 1591 seruat
357 1541 382 1589 et
403 1537 469 1590 baec
487 1536 580 1590 onznia
594 1536 631 1589 aa
645 1536 715 1588 elima
730 1533 812 1599 refert
826 1535 911 1588 (letata
928 1538 989 1601 post
1007 1532 1078 1586 mihi
1093 1551 1117 1587 o.
1130 1538 1182 1588 455
1193 1532 1281 1587 tutu

165 1620 244 1671 tione.
264 1618 307 1670 De
320 1633 344 1671 u.
360 1620 412 1670 488
431 1617 465 1682 ef.
489 1615 633 1669 Turnebus
653 1618 789 1669 eontment.
810 1614 828 1668 l
844 1615 910 1668 Ide
928 1615 988 1683 lep,
1007 1614 1160 1668 Salmasius
1172 1610 1280 1681 aetb'pil.

164 1698 227 1749 ΙΙΙ
243 1702 270 1764 4,
290 1699 326 1751 33
344 1697 425 1763 (male
444 1694 543 1750 sedent
561 1695 709 1750 Acidaliae
723 1710 754 1762 p·
774 1695 878 1763 busa).

235 1781 295 1830 469.
315 1775 345 1828 in
363 1775 515 1830 maximam
532 1774 713 1830 Canterarius.
733 1773 885 1828 maximam
899 1773 928 1828 iu
945 1772 1090 1829 Gruterus.
1110 1805 1143 1814 -
1162 1769 1279 1843 parasitica

167 1873 213 1910 ars
231 1855 261 1908 in
279 1872 314 1909 m.
335 1873 370 1908 m.
390 1872 413 1909 c.
433 1856 568 1910 Heinsius

237 1941 297 1989 470.
317 1935 374 1988 iam
393 1937 496 1991 delebat
516 1936 637 2006 Pplacles
655 1939 760 1988 seruato
778 1934 931 2004 inopesque
950 1936 986 1989 ab
1005 1951 1075 1990 seue.

236 2023 296 2070 471.
317 2017 443 2070 Laconas
458 2016 639 2071 Camerarius.
660 2013 809 2068 Salaconas
824 2016 893 2069 conl.
909 2015 1026 2086 Hesyeb.
1040 2031 1062 2070 s.
1077 2032 1101 2070 o.
1119 2011 1278 2070 Valckenarius

165 2100 195 2150 in
218 2097 304 2151 sebecl.
329 2097 400 2150 ined.
420 2097 496 2150 Leiel.
518 2096 641 2149 Lacones
660 2112 694 2149 ne
715 2111 861 2164 perperam
887 2096 1003 2164 explices
1030 2112 1093 2150 eum
1112 2087 1276 2166 pleraque·

168 2178 224 2233 ere.
240 2193 294 2246 pm
309 2175 385 2232 maa.
407 2176 502 2230 xxx
509 2176 540 2242 V,
560 2179 604 2230 m.
625 2204 657 2214 -
682 2174 954 2242 antecameram
976 2177 1008 2230 a
1032 2192 1092 2245 aar.
1108 2193 1137 2244 p.
1156 2180 1180 2231 s.
1212 2173 1241 2227 n
1253 2166 1277 2231 ct-

166 2258 285 2311 Panlius
310 2256 361 2326 Qec.
379 2273 420 2326 pr.
440 2256 461 2308 I
475 2257 508 2310 de
525 2269 605 2310 vaus
627 2272 701 2308 nune.
722 2272 765 2323 ap.
782 2271 827 2323 pr.
845 2271 896 2310 scr.
915 2271 969 2309 suu
987 2256 1027 2310 ecl.
1048 2256 1134 2309 Ieuae
1150 2273 1175 2309 a.
1192 2253 1247 2308 1884
1256 2263 1277 2316 p-

166 2342 203 2393 21
213 2354 262 2406 sq„
281 2337 485 2405 Marquareltus
504 2334 732 2390 ‘Privataltertlt’
761 2334 770 2364 ²
785 2353 815 2405 p.
832 2339 893 2389 175.
913 2340 976 2389 301.
996 2334 1120 2390 Quum
1137 2353 1159 2390 o.
1177 2339 1221 2388 rm
1234 2332 1278 2383 anu

168 2417 296 2471 lubentes
314 2416 477 2482 Lambinus,
492 2422 555 2484 post
574 2414 703 2469 lubentes
723 2414 897 2470 Cauecrarius
915 2416 1055 2482 distirmit,
1075 2431 1137 2471 enas
1154 2414 1188 2470 al
1203 2416 1277 2468 abab·

167 2514 218 2566 pem
237 2496 382 2550 nuernbrum
399 2497 542 2564 pertineat.

238 2580 298 2630 415.
319 2576 355 2629 ad
374 2575 500 2630 laniones
519 2575 625 2630 Densa.

239 2661 298 2709 476.
320 2656 409 2720 Quam
429 2653 458 2708 in
477 2655 604 2709 tribubus
625 2656 749 2725 1²ylades.
787 2654 818 2708 In
837 2653 911 2707 tribu
931 2670 1016 2723 quam
1036 2655 1143 2710 Dousa.
1175 2647 1278 2720 Qumis

169 2736 264 2790 tribub
288 2736 452 2790 Ititseleelias
470 2736 540 2789 Nou.
560 2736 630 2790 Eae.
651 2736 694 2789 Pl.
714 2735 739 2789 1.
768 2754 784 2789 a
806 2738 889 2803 blsp.
923 2766 957 2773 —
991 2735 1079 2788 sontis
1104 2738 1196 2804 aperto
1215 2728 1279 2798 eapite

170 2817 297 2871 Botbias.
326 2833 409 2884 quom
434 2819 532 2883 aperto
556 2834 578 2870 c.
598 2835 618 2871 s.
639 2817 788 2870 Memllerus
813 2815 952 2868 ‘Naebtn’
976 2833 1004 2884 p.
1025 2821 1089 2870 124.
1119 2818 1280 2884 coperiant·

179 2896 337 2949 lt'eielnerus
356 2894 469 2948 Adaeus.
485 2912 515 2963 p.
532 2900 575 2948 10.
596 2897 717 2951 Ceterum
736 2899 770 2963 cf.
791 2896 960 2949 Niebabrius
977 2897 1039 2950 bist.
1055 2895 1134 2950 Rom.
1146 2895 1204 2949 III
1207 2911 1230 2964 p.
1237 2890 1280 2945 384·

241 2980 301 3029 418.
321 2974 449 3044 Namque
470 2979 501 3027 ut
519 2975 647 3029 Bosseba.
670 2976 742 3030 Nam
763 2975 803 3030 uti
825 2975 854 3029 F
856 2977 1023 3031 leeleissnns.
1049 3007 1082 3015 —
1106 2977 1176 3030 Nam
1199 2976 1225 3028 ut
1243 2965 1282 3023 abii

170 3055 275 3108 dudum
289 3052 354 3106 hine
367 3053 490 3107 Greietus.
504 3084 533 3091 —
546 3052 623 3107 abiui
638 3061 703 3123 post
717 3055 848 3109 Batbium
865 3073 921 3110 non
940 3058 1034 3111 debuit
1052 3049 1283 3111 smaaeaauu.

171 3134 257 3188 liberi.
280 3133 460 3186 xxxVffl
474 3152 504 3202 p.
524 3137 561 3187 23
583 3135 627 3201 (cs.
648 3134 862 3204 Enpelbrecbtns
880 3137 897 3188 l.
917 3152 936 3189 s.
955 3139 996 3203 a).

240 3220 300 3268 479,
320 3211 436 3281 iuquam
455 3214 504 3286 del.
525 3212 650 3278 Galatea,
668 3213 787 3269 Batbius
806 3217 878 3283 (mine
897 3218 954 3271 coel.
972 3218 1084 3286 (busli),
1103 3217 1244 3279 Reatinus,
1260 3207 1285 3262 nt.

241 3301 302 3348 480.
330 3294 373 3346 De
391 3293 432 3346 ait
451 3294 503 3346 hoc
518 3293 626 3361 primus
647 3299 715 3348 reete
736 3293 899 3350 Grilielmius
918 3297 1052 3351 ierdieavit
1073 3296 1124 3366 Qu.
1143 3297 1173 3350 iu
1191 3294 1254 3361 Capt-
1266 3304 1287 3355 1·

170 3379 233 3440 357,
254 3376 367 3427 tollimus
383 3389 469 3440 praee
491 3372 633 3441 Vssinpius
654 3371 715 3442 agit
734 3373 786 3429 hoc
800 3392 855 3444 pro
873 3391 941 3431 nouo
959 3377 1077 3431 vendens
1104 3377 1150 3446 (es.
1168 3374 1288 3443 benamu

172 3456 282 3509 ‘Bella’
302 3472 330 3523 p.
344 3459 416 3520 173).
438 3484 467 3490 -
492 3452 567 3522 [pant]
587 3451 649 3521 quis
668 3455 813 3521 prbfitetur
831 3456 1024 3511 Fleebeisenus
1044 3458 1122 3525 apuel
1141 3452 1288 3509 Ilitsebeiiua

171 3535 207 3588 N.
222 3536 292 3588 Eae.
303 3535 346 3587 Pl.
358 3535 379 3586 J
392 3551 423 3601 p.
436 3536 469 3587 54
489 3533 568 3586 adra:
587 3538 616 3586 at
635 3534 670 3598 ef.
681 3533 859 3591 Bsmebelerus
877 3538 981 3591 Aneiai.
999 3539 1070 3606 plul.
1084 3543 1102 3591 t.
1120 3537 1162 3591 01
1172 3553 1199 3605 p.
1213 3536 1289 3596 bibat.

242 3620 302 3667 481.
322 3631 452 3667 cenamus
470 3611 762 3669 hodieFleelmisenus.
786 3647 814 3655 -
836 3616 948 3685 inquam
968 3633 1021 3684 ego
1037 3616 1159 3671 Guietas.
1182 3647 1206 3653 —
1226 3613 1291 3678 atque

171 3692 262 3746 illisce
282 3693 431 3746 Muellerus
453 3693 531 3746 Pros.
547 3711 577 3761 p.
597 3698 653 3747 686
672 3696 716 3760 (ef.
731 3711 761 3763 p.
782 3700 837 3751 535·
856 3699 940 3763 arla).

242 3777 302 3824 483.
323 3770 390 3835 Quis
411 3772 483 3839 (item
501 3791 525 3828 e.
545 3776 609 3842 472)
629 3775 755 3844 Pylades.
789 3776 842 3840 Qui
861 3776 959 3831 Darasa
979 3778 1021 3844 (ut
1039 3779 1135 3833 neonae
1152 3782 1246 3849 typopr.
1261 3769 1290 3823 al-

172 3851 286 3916 Parm.).
308 3881 339 3889 -
360 3850 479 3918 apiscier
503 3853 697 3907 Fleebeisereus
722 3855 878 3919 deformante
903 3856 1013 3911 Goelsio
1028 3857 1114 3913 Amal.
1138 3858 1184 3913 Pl.
1197 3859 1290 3918 ebone-

172 3932 327 3998 oblopaemte
341 3930 472 4000 Lanpeno
493 3932 605 3986 ‘Beitn’
622 3951 651 4001 p.
672 3938 714 3987 52.
740 3934 769 3988 V.
784 3941 836 3989 482
856 3935 939 3990 dictis
959 3936 993 3989 de
1011 3936 1174 3991 melioribus
1191 3931 1290 3990 Bolbitt·

244 4015 305 4063 488.
325 4012 384 4063 reeb
402 4011 597 4067 Fleeleisenus
616 4014 772 4080 ‹letireelente
791 4015 892 4070 Brixia
912 4018 943 4071 in
957 4034 1051 4086 propr.
1068 4035 1093 4070 a.
1109 4020 1178 4070 1854
1191 4033 1218 4083 p.
1230 4016 1250 4077 5,
1264 4007 1290 4062 ul·

172 4089 211 4144 At
231 4091 265 4157 cf.
286 4090 428 4145 Bentleius
447 4094 484 4145 ael
505 4093 565 4146 Ter.
585 4093 662 4145 Eun.
687 4094 724 4146 II
741 4099 769 4162 2,
788 4098 824 4149 37
842 4102 867 4150 et
887 4098 1001 4151 Obsenus
1020 4096 1038 4150 1.
1057 4113 1078 4150 s.
1097 4114 1118 4151 s.
1133 4115 1162 4166 p.
1180 4101 1251 4161 2011.

243 4177 341 4239 49035.
362 4172 421 4225 Hos
440 4190 532 4226 uersus
551 4173 823 4244 insertitGeppertus
841 4177 1001 4232 assentiente
1019 4177 1124 4232 Brixia
1137 4175 1290 4244 Lanppropu

171 4252 188 4306 l.
204 4269 224 4305 s.
235 4269 256 4304 s.
269 4270 299 4320 p.
310 4256 362 4307 25:
381 4253 430 4306 ubi
444 4270 489 4304 me
505 4255 578 4319 (med
590 4255 716 4325 Geeietas)
733 4255 773 4311 ibi
788 4262 852 4326 pest
870 4257 938 4311 item
957 4257 1006 4311 alii
1022 4263 1102 4328 uupct
1117 4243 1288 4311 molestant<

171 4335 224 4382 490
245 4336 276 4383 at
290 4349 349 4384 erem
368 4349 390 4385 o.
403 4338 454 4385 487
469 4336 613 4387 consciliari
628 4337 725 4403 possit,
744 4340 835 4390 tantem
849 4343 959 4407 pupnat
978 4356 1040 4392 cerm
1053 4357 1076 4393 o.
1089 4343 1184 4405 bbbsa.
1202 4335 1288 4396 ''leni“

172 4426 195 4462 c.
216 4414 267 4460 491
296 4427 379 4479 nepem
407 4428 466 4464 curri
491 4414 635 4480 prioribus
657 4432 740 4484 neque
768 4432 829 4470 eum
847 4419 1018 4487 sectantibus
1045 4424 1108 4487 apte
1133 4411 1286 4482 coniungitur.

175 4489 275 4545 Minus
288 4495 357 4544 reete
366 4490 528 4562 Spenpelius
542 4510 565 4547 e.
576 4498 628 4547 489
641 4509 695 4565 pro
714 4497 903 4566 elittopraplria
917 4514 941 4552 v.
951 4503 1004 4551 484
1023 4489 1285 4564 5552514585.ῧῖ-
