2948 5594
162 310 225 374 172
641 304 830 363 essenon(
970 388 975 397 ’
1150 313 1318 364 ssi-1010

161 474 231 537 roe,
251 469 390 524 ‘Nauia’
408 485 438 538 p.
454 472 508 523 105
527 466 755 521 etenensium
772 465 891 522 snam
910 465 1213 537 0001035000.
1235 457 1318 536 (0000

161 565 254 604 comm.
274 564 350 618 pros.
369 549 391 601 I
403 564 431 618 p.
451 549 564 617 tosa),
585 548 634 615 qui
653 547 706 600 loci
723 545 902 612 disfimtltates
919 547 1019 615 optime
1036 547 1174 617 apaan,
1192 563 1253 602 non
1272 565 1319 603 ex·

156 630 271 698 pedivit.
310 628 432 682 Ceterum
450 628 646 697 molientium
664 625 806 695 Spenoelii
823 644 842 682 a
860 626 994 682 Musllero
1012 627 1131 697 aliisque
1149 629 1317 697 eastiaatom

160 709 273 762 iteravit
301 706 444 762 Klotsins:
472 707 507 773 es.
536 707 574 760 ari
598 723 622 760 o.
646 709 712 760 803.
737 736 770 746 -
795 705 827 762 V.
847 711 898 761 997
926 706 997 775 phy,
1025 704 1168 774 siquidem
1194 708 1318 763 Battum
1367 778 1371 785 ,

161 789 264 842 abusus
287 788 316 841 B
340 791 432 852 (antea
454 789 483 840 te
507 784 852 855 quidemllOppressisset
873 786 1042 854 diserilrens).
1067 815 1101 825 ·-
1126 784 1160 839 V.
1184 792 1237 842 999
1263 787 1316 844 Ota
1368 788 1371 795 '

161 866 262 922 Hercle
282 867 359 921 Pius.
380 897 412 906 -
433 882 517 935 quom
534 881 588 935 pro
607 864 683 935 quod
704 863 829 922 Cuietns.

252 953 329 1001 1000.
358 945 413 1000 Sed
437 944 513 1012 uiro,
536 961 618 1013 uxor,
642 945 716 998 hene
739 945 853 999 neniam
871 945 909 1001 ds
926 944 1042 1014 Guietus
1060 946 1190 1014 iurique,
1209 948 1257 1001 ssi
1276 948 1316 1001 ds

161 1027 289 1095 ueniam,
316 1026 490 1081 Ritselrelius.
528 1024 582 1079 Sed
606 1041 688 1091 uxor,
712 1027 762 1079 tuo
785 1026 846 1080 uiro
869 1024 943 1081 hane
965 1025 1002 1079 ds
1023 1022 1138 1078 ueniam
1162 1026 1314 1082 Muellerus

162 1107 239 1161 Pros.
255 1123 286 1175 p.
306 1109 361 1160 378
380 1106 426 1171 (ef.
444 1105 582 1159 ‘Nostin'
594 1122 624 1174 p.
639 1106 713 1173 131).
743 1103 798 1158 Sed
816 1107 857 1174 tu,
878 1121 956 1172 uxor,
974 1104 1035 1158 uiro
1054 1104 1091 1158 ds
1108 1105 1184 1160 hano
1201 1107 1315 1161 neuim

165 1186 316 1256 Vssinaius.
355 1186 399 1240 De
418 1187 506 1239 henos
525 1186 603 1254 coeit.
624 1183 786 1253 Geppertus.

252 1264 462 1318 monitorium
480 1266 513 1318 ut
531 1281 592 1318 eam
612 1280 722 1318 amasso
739 1263 925 1319 Camerarius.
953 1261 996 1316 Ns
1014 1266 1047 1316 ut
1061 1278 1175 1318 amasso
1188 1263 1320 1320 Botlrius.

164 1345 262 1399 Totum
281 1360 387 1398 uersum
405 1345 465 1399 seel
480 1349 544 1414 post
564 1344 713 1398 Gruterum
733 1342 915 1413 Cuietumque
933 1342 1096 1410 Modaioius
1117 1341 1219 1412 Oprsse
1238 1346 1321 1399 acad.

158 1441 189 1494 p.
209 1429 246 1478 s1
271 1424 433 1478 assentiente
451 1429 562 1493 praeter
586 1423 746 1492 Vesinaium
772 1422 905 1493 Lonyeno
929 1421 1040 1476 Bure!
1064 1438 1094 1490 p.
1118 1426 1174 1477 147
1189 1429 1217 1476 et
1236 1423 1321 1479 Sturi

162 1503 206 1557 Pl
222 1520 253 1572 p.
273 1507 346 1569 278,
369 1503 527 1572 obloquente
544 1502 697 1557 Luetberto
716 1502 796 1557 Stud
814 1518 928 1570 yramm.
948 1502 970 1555 I
980 1518 1010 1570 p
1028 1506 1092 1555 100.
1135 1499 1179 1566 Cf
1198 1502 1323 1558 Bueche-

163 1583 236 1638 lerus
253 1583 319 1637 Ina.
337 1583 418 1637 solsol.
437 1582 530 1637 Bonn.
550 1601 575 1636 a.
596 1583 700 1645 18789
713 1599 744 1651 p.
759 1585 899 1651 23sq.-
864 1581 985 1635 -Moe
1003 1597 1047 1635 ms
1066 1597 1120 1634 om
1143 1581 1326 1639 Camerarius

165 1663 240 1730 (add.
260 1662 425 1725 Asidaliusl.

254 1746 332 1795 1004.
361 1741 427 1795 huie
454 1747 518 1796 ants
545 1740 618 1794 hano
641 1742 731 1810 sueppl.
757 1741 934 1795 Camerarius
957 1738 1117 1808 (simulati
1144 1738 1230 1796 iubes
1251 1759 1315 1797 oorr.

164 1822 237 1892 quod
255 1821 381 1891 plerique
403 1822 576 1877 retinuerunt
595 1851 629 1860 —
648 1822 761 1875 traiecto
780 1820 902 1874 dandam
920 1818 1033 1874 ueniam
1051 1819 1191 1889 Batinus,
1210 1829 1321 1877 oomesto

164 1903 303 1956 mecastor
323 1901 476 1956 Muellerus
492 1900 572 1955 Pros.
583 1917 614 1970 p.
628 1904 665 1954 47
680 1930 712 1975 -7
727 1905 753 1955 et
769 1916 840 1956 noso
853 1902 921 1956 uitio
934 1901 1042 1969 repetiit
1056 1899 1197 1956 Klotsius
1207 1920 1240 1973 p.
1255 1906 1327 1973 245).

164 1996 226 2035 esse
254 1980 321 2034 huie
344 1986 409 2050 post
437 1981 509 2035 hena
532 1980 703 2047 Lambinus,
731 1979 758 2034 si
786 1987 850 2035 ants
875 1981 977 2035 isaiam
999 1981 1040 2034 orl
1064 1980 1110 2034 itm
1131 1987 1200 2051 post
1225 1984 1329 2038 faciam

166 2061 305 2115 10000000
323 2061 355 2114 in
374 2060 494 2117 Studem.
513 2059 592 2116 Stud.
608 2061 630 2113 I
637 2076 668 2128 p.
683 2063 722 2115 25
740 2060 823 2127 (hene
837 2061 948 2114 nenium
963 2060 1095 2114 traiciens
1111 2077 1178 2115 eum
1198 2063 1238 2128 F,
1257 2065 1329 2132 coai-

164 2145 228 2194 tans
254 2140 336 2194 etiam
358 2141 391 2194 rte
410 2155 511 2194 censeo
529 2145 590 2208 post
608 2138 731 2192 dandum
749 2140 901 2195 traiciendo
919 2144 982 2193 ants
999 2139 1143 2194 Briuiurn
1162 2143 1244 2197 Aren.
1260 2144 1331 2212 phil.

167 2219 304 2274 CXXXI
310 2237 340 2289 p.
354 2224 413 2276 207
426 2220 602 2275 collocatione
617 2220 730 2289 peiore),
749 2219 776 2273 ei
790 2224 855 2288 post
871 2218 944 2272 hano
958 2223 982 2272 et
996 2219 1028 2270 tu
1038 2224 1107 2286 post
1121 2221 1158 2273 ut
1173 2221 1329 2293 Vssiuaius.

254 2302 332 2353 1005.
366 2298 485 2368 Propter
515 2314 576 2353 eam
605 2299 678 2352 hane
705 2297 759 2352 tibi
787 2316 846 2353 rem
874 2314 948 2352 nune
981 2297 1137 2365 Vestorius
1165 2303 1331 2368 reprobante

164 2378 296 2448 Seyfferto
320 2394 389 2434 oens.
408 2395 439 2448 p.
459 2382 525 2434 237.
546 2409 579 2418 -
598 2395 673 2432 nuno
700 2378 767 2432 dere
795 2376 908 2432 ueniam
936 2376 1028 2430 minus
1053 2380 1182 2445 grauate
1200 2395 1324 2449 propero

164 2457 333 2514 Saracenos:
351 2464 433 2527 atque
451 2473 570 2527 propero
588 2458 745 2525 probarunt
761 2456 843 2525 Pius,
860 2455 1035 2521 Gulielmius,
1048 2457 1209 2513 Acidaliae
1222 2458 1327 2525 (minue

163 2539 281 2606 grauate
310 2537 382 2590 hanc
412 2553 529 2606 propero
558 2553 631 2591 nune
660 2536 770 2589 ueniam
800 2535 853 2590 tibi
882 2537 1038 2603 tr·aieiens):
1066 2537 1106 2601 cs.
1134 2538 1278 2593 Vsenerus
1300 2540 1333 2594 sle

167 2617 265 2671 Pseud.
285 2633 320 2670 se.
336 2634 366 2685 p.
387 2622 431 2671 10.

256 2701 332 2752 1008.
362 2711 445 2764 quam
465 2712 517 2766 ego
536 2697 640 2761 habea,
662 2695 715 2748 hae
735 2695 821 2749 habet
839 2696 973 2764 Arryrlius
993 2696 1205 2766 Meursiusque.
1249 2716 1334 2767 quam

165 2791 217 2843 ego
245 2774 344 2828 habeo.
383 2773 434 2828 CH.
463 2776 535 2828 hanc
562 2775 634 2828 habe
661 2774 802 2829 Gruterus.
843 2792 926 2842 quam
957 2792 1010 2842 ego
1034 2775 1133 2830 habet.
1175 2776 1236 2833 CH.
1262 2780 1335 2832 hauc

164 2851 237 2907 habe
258 2854 376 2908 Botlsius
395 2858 459 2923 (ego
479 2854 567 2906 hebet
585 2871 598 2907 e
616 2855 728 2923 Lana).
766 2872 849 2923 <luam
870 2871 922 2921 ego
942 2854 1032 2908 habeo
1053 2854 1138 2910 hanc.
1179 2857 1240 2912 Cn.
1262 2859 1334 2913 hanc

164 2930 237 2984 habe
257 2933 381 2987 Koclrius
400 2936 474 2988 Aren.
490 2935 561 3002 pluit.
582 2934 634 2987 CV
647 2951 675 3002 p.
696 2939 759 2989 040.

258 3021 332 3067 1000.
354 3014 406 3067 CH.
426 3018 492 3067 tene
512 3012 583 3066 libet
602 3014 765 3068 Saracenas.
804 3012 861 3066 Mi.
882 3016 956 3068 tene.
991 3012 1039 3067 Ch.
1059 3014 1136 3069 tibet
1157 3016 1247 3071 Pius.
1282 3018 1335 3071 Cn.

165 3091 244 3144 libet.
272 3094 337 3143 tene
357 3095 470 3147 Parrus.
509 3091 561 3146 CH.
581 3096 653 3145 tene.
693 3093 719 3144 S.
739 3094 806 3147 lieet
827 3094 952 3148 Greistns.

256 3176 334 3226 1012.
365 3173 470 3226 Chorus
491 3190 595 3240 000000.
622 3172 757 3243 Palalce,
780 3171 852 3225 Grex
869 3174 992 3240 plerique
1011 3190 1070 3226 eitra
1094 3173 1285 3243 Garnerario,
1311 3181 1334 3230 Sl

172 3252 330 3321 Vesinoins:
359 3257 387 3305 at
413 3253 549 3319 epilooum
577 3259 627 3305 ant
655 3252 833 3306 Pardalrsoae
861 3258 910 3304 aut
938 3252 1055 3305 Chalino
1084 3259 1138 3305 aut
1166 3256 1335 3325 Olgrrnpioai

167 3333 340 3386 tribuendum
365 3347 418 3385 esse
439 3332 513 3384 cloeet
532 3348 556 3385 0.
577 3336 647 3384 1111
668 3335 774 3399 (nostro
795 3330 857 3384 erili
877 3332 958 3399 fili0):
977 3349 1009 3384 su
1028 3332 1133 3400 quibus
1156 3334 1332 3390 Pardalisca

166 3412 446 3465 accommodatissima
465 3416 516 3474 est,
535 3413 697 3479 praesertim
716 3428 777 3465 eunt
798 3412 969 3481 Olympionis
984 3417 1078 3478 partes
1100 3414 1248 3469 tristiores
1268 3419 1332 3481 sint,

168 3491 303 3544 Chalinus
327 3497 416 3544 antem
439 3491 517 3543 morlo
541 3491 638 3544 bellum
660 3507 736 3558 quens
755 3493 899 3545 histriones
917 3493 1013 3545 dieunt
1033 3493 1140 3544 auitum
1163 3503 1271 3550 nactus
1290 3500 1331 3549 sit.

168 3569 289 3624 Ceterum
318 3570 441 3622 futurum
470 3571 513 3621 est
540 3568 628 3635 intus,
659 3569 704 3622 hic
728 3577 791 3639 post
816 3570 1003 3624 Cartserariurn
1027 3571 1160 3639 plerique
1192 3576 1252 3641 (est
1284 3594 1333 3629 om.

168 3650 282 3703 (tlserrus
297 3666 326 3717 p.
348 3651 434 3717 1001).

258 3733 334 3782 1015.
364 3726 492 3781 manibus
521 3727 630 3781 meritis
655 3730 724 3783 mole
747 3730 893 3784 eortr'uusit
916 3729 1083 3782 Lambinus:
1116 3747 1151 3784 ac
1175 3736 1274 3788 suessio
1298 3752 1333 3787 aa

164 3813 285 3876 praestet
305 3806 434 3861 meritam
454 3807 560 3861 meritis
575 3825 629 3876 pro
649 3807 756 3862 meritis
776 3810 914 3863 meritam.

259 3910 334 3957 1010.
365 3903 418 3968 Qui
441 3903 512 3975 <id>
537 3904 608 3958 faxit
635 3906 792 3973 Geppertns.
813 3937 845 3944 —
867 3907 910 3959 De
929 3898 1012 3959 ‹tuctt
1031 3906 1066 3970 os.
1088 3906 1223 3963 Baierus
1240 3928 1271 3980 p.
1292 3917 1335 3966 01.

168 3985 290 4036 scortum
320 4000 430 4052 semper
456 3986 521 4038 irai.
552 3984 725 4039 Carrrerarins
753 3987 932 4040 retinentibus
956 3987 1106 4053 plerisque.
1132 4018 1168 4028 -
1199 3991 1234 4047 V.
1269 3998 1334 4045 1019

168 4065 273 4116 nautea
292 4079 361 4117 sorr.
387 4065 478 4129 Valla,
498 4065 661 4132 Saracenas,
680 4067 746 4119 alii:
764 4067 799 4130 os.
819 4066 938 4120 Balarus
953 4082 982 4133 p.
1002 4068 1066 4118 102.

646 4288 841 4317 4-

659 4548 890 4615 s
