2948 5594
158 309 223 364 Vlll
627 306 832 362 PRAEFATIO

159 495 295 558 eumque
319 475 446 537 secutus
470 471 585 536 Petrus
608 470 785 557 Lariveius,
808 471 941 556 aliique,
964 471 1003 536 de
1026 471 1144 556 quibus
1166 470 1264 559 diliges

160 581 225 644 tius
249 601 351 663 nuper
373 577 736 644 Reiuhardstoettnerue
760 579 916 663 exposuit.

247 687 317 751 lam
333 708 405 752 cum
424 690 548 750 certum
562 686 606 749 sit
624 707 663 750 ex
681 685 819 771 prologo
833 707 894 750 nos
909 686 1072 770 exemplar
1086 688 1191 751 1611616
1203 706 1234 750 61
1245 707 1275 749 ca

160 797 276 875 aetate,
295 814 358 876 qua
377 791 488 856 fabula
506 791 610 857 relata
629 792 680 873 sit,
698 796 809 857 tamen
823 791 1121 867 retractationis
1139 792 1271 857 serenius

160 899 300 983 vestigia
321 920 523 983 nequaquam
546 903 613 963 tam
642 898 815 982 conspicua
843 901 931 982 sunt,
959 920 1057 983 quam
1079 897 1114 963 in
1135 896 1270 963 Bacchidi·

160 1006 235 1089 bus,
258 1004 377 1087 Milite,
401 1004 552 1088 Poenulo,
574 1004 742 1088 Pseudolo,
766 1005 806 1069 al.
851 1003 1118 1089 Dittographiam
1140 1005 1216 1069 enim
1232 1003 1270 1068 rix

160 1134 259 1176 unam
283 1134 358 1176 cum
379 1111 489 1197 aliqua
511 1111 742 1195 probabilitate
766 1110 1033 1195 deprehendimus
1057 1133 1097 1176 oc
1117 1111 1155 1176 de
1176 1109 1269 1196 paucis

160 1220 252 1286 simis
271 1222 397 1284 tantum
416 1219 563 1283 versibus
582 1215 759 1304 singulis*)
778 1218 994 1303 suspicionem
1013 1222 1181 1284 moverunt
1194 1217 1269 1284 honi·

160 1350 218 1393 nes
238 1325 498 1410 suspicacissimi.
542 1323 642 1389 Velut
661 1323 796 1389 Guietus
819 1328 886 1389 tres
904 1329 1033 1390 tantum
1051 1325 1087 1390 in
1109 1325 1170 1391 hac
1188 1324 1269 1390 fabula

161 1432 352 1518 proscripsit
370 1452 496 1497 versus:
521 1433 618 1515 atque
637 1452 666 1495 v,
687 1430 749 1495 119
768 1430 957 1515 rectissime,
978 1454 1009 1498 v.
1027 1431 1093 1497 961
1105 1454 1152 1518 sq.
1171 1430 1268 1516 ineptis

161 1545 258 1622 sime,
282 1538 419 1622 denique
443 1560 472 1602 v.
488 1538 573 1602 1003
597 1538 649 1604 vix
672 1541 771 1622 recte,
796 1537 944 1622 quamvis
967 1536 1086 1604 iudicio
1110 1538 1268 1622 subscripse·

161 1647 228 1711 rint
257 1646 319 1711 viri
345 1643 501 1729 primarii.
546 1643 596 1708 De
618 1644 766 1708 versibus
789 1644 955 1723 nonnullis
984 1644 1024 1709 ab
1048 1645 1122 1711 aliis
1145 1641 1269 1710 (1611111111

162 1754 286 1836 sobrie,
308 1758 346 1817 ut
369 1753 460 1836 solet,
483 1751 747 1836 considerateque
769 1751 926 1817 iudicavit
947 1750 1123 1836 Langenus
1145 1750 1221 1818 stud.
1237 1747 1268 1813 Pl

161 1885 191 1946 p.
210 1862 275 1926 278
290 1881 359 1945 sqq.
383 1856 437 1946 (cf.
452 1881 483 1942 p.
498 1859 540 1924 28
552 1856 634 1943 sqq.)
658 1857 787 1943 saepius
817 1859 1038 1942 integritatem
1063 1859 1188 1924 fabulae
1204 1875 1270 1942 prae

162 1969 282 2033 dicans.

249 2074 293 2139 Et
310 2074 362 2138 hic
388 2095 496 2140 rerum
515 2076 620 2138 status
639 2076 673 2137 et
690 2073 891 2138 canticorum
914 2092 982 2137 non
1005 2072 1142 2156 exiguus
1164 2069 1270 2137 ambitus

161 2180 353 2264 respiciendi
380 2183 474 2244 erant
496 2179 555 2262 eis,
585 2178 641 2263 qui
664 2177 773 2243 mirati
796 2174 930 2264 sunt**)
958 2177 1117 2262 ‘longam'
1139 2178 1195 2244 dici
1212 2176 1270 2240 hauc

162 2289 306 2353 fabulam
321 2284 365 2373 (v.
382 2285 482 2370 1006)
496 2307 579 2371 quae
593 2306 742 2350 versuum
758 2306 901 2369 numero,
915 2287 1040 2350 ceteras
1059 2286 1088 2350 si
1102 2284 1272 2360 conferimus,

163 2395 254 2459 nullo
278 2392 374 2459 modo
400 2392 541 2457 emineat
568 2414 605 2457 ao
632 2392 729 2456 tertia
754 2391 822 2455 fere
845 2393 939 2475 parte
961 2391 1070 2456 minor
1093 2413 1187 2477 quam
1203 2387 1273 2453 Pseu·

163 2501 256 2565 dolus
287 2498 451 2564 ‘Plautina
480 2499 579 2585 longa
616 2497 738 2562 fabula'
769 2498 804 2561 in
834 2518 983 2562 scaenam
1017 2499 1150 2563 venerit.
1196 2494 1274 2571 Quae

163 2608 363 2671 decurtatam
394 2626 463 2669 esse
492 2603 644 2669 Casinam
675 2627 714 2669 ex
745 2604 806 2668 hoc
836 2607 923 2669 certe
952 2604 1023 2669 loco
1055 2605 1158 2672 evinci
1184 2599 1275 2685 nequit

165 2713 370 2796 Quamquam
405 2712 562 2796 quaedam
594 2714 761 2776 contracta
791 2732 860 2775 esse
891 2714 948 2774 aut
978 2711 1179 2776 intercidisse
1203 2708 1276 2774 etiarn

164 2824 292 2904 praeter
323 2817 516 2882 detrimenta
553 2840 634 2902 quae
670 2840 745 2882 mox
781 2817 911 2881 uberius
949 2819 1174 2901 pertractanda
1202 2814 1279 2892 eruut,

164 2949 236 2991 cum
257 2925 322 2990 alia
341 2928 525 2989 monstrant
544 2929 614 2989 tum
630 2923 794 3008 Lysidami
812 2945 930 2988 nomen
949 2924 983 2987 in
1006 2925 1079 3007 ipsa
1101 2924 1207 2988 sabula
1225 2940 1279 2984 nus·

166 3054 261 3115 quam
281 3028 557 3116 comparens.***)
604 3032 711 3114 Atque
730 3030 834 3094 multa
857 3030 991 3095 liberius
1014 3030 1175 3113 pauloque
1195 3025 1281 3092 rudius

164 3142 306 3203 tractata
330 3160 400 3203 esse
424 3137 572 3222 quamvis
595 3137 734 3201 libenter
757 3137 985 3220 concedamus,
1009 3141 1122 3201 tamen
1143 3135 1231 3200 nimis
1250 3132 1282 3194 in·

166 3248 254 3311 certa
278 3267 316 3309 ac
338 3245 465 3309 lubrica
489 3249 581 3328 sunt,
609 3266 690 3327 quae
719 3243 757 3307 de
788 3243 911 3308 scaenis
937 3247 993 3308 aut
1016 3241 1149 3308 adiectis
1172 3244 1223 3307 aut
1242 3241 1284 3304 iu·

164 3484 202 3537 sit
219 3481 281 3551 ille,
305 3500 390 3551 quam
412 3482 607 3538 Fuhrmannus
631 3496 665 3534 ax
691 3479 883 3549 dittographia
900 3480 1049 3548 repetebat
1066 3479 1114 3549 (ol.
1133 3477 1245 3549 append.
1260 3471 1288 3528 ed

164 3582 190 3617 v.
211 3568 263 3616 070
279 3566 362 3630 sqq.):
390 3578 559 3631 quamquam
580 3561 692 3616 omnino
713 3561 795 3629 plura
813 3559 971 3616 decurtavit
989 3559 1161 3630 liberiusque
1178 3558 1289 3613 immuta

165 3644 208 3696 vit
226 3644 255 3695 in
275 3642 338 3695 aliis
358 3642 473 3696 verbum
492 3643 549 3696 lere
568 3642 602 3696 de
621 3640 706 3696 verbo
726 3641 851 3694 efferens.

254 3723 279 3789 *)
298 3720 370 3775 Nam
390 3721 512 3775 Weisius
532 3724 566 3775 de
586 3738 656 3776 com.
675 3719 717 3772 Pl.
737 3737 763 3788 p.
785 3725 818 3774 83
834 3737 894 3788 sqq.
913 3720 987 3788 quod
1006 3717 1081 3775 inter
1099 3720 1157 3775 alia
1175 3718 1226 3772 sibi
1240 3732 1286 3786 per·

166 3801 304 3854 suadebat
332 3817 446 3854 scaenas
470 3801 495 3854 Π
516 3807 529 3853 l
554 3804 583 3855 et
605 3808 621 3854 ‘a
645 3799 822 3868 impudenter
845 3798 1031 3868 interpolatas
1054 3817 1115 3855 esse
1140 3801 1174 3854 ab
1196 3797 1290 3853 homine

167 3879 235 3932 artis
255 3880 284 3932 et
302 3879 411 3933 ethicae
435 3883 463 3935 ot
486 3881 618 3934 metricae
642 3880 739 3948 ignaro
764 3883 850 3947 atque
875 3879 945 3932 adeo
970 3895 1099 3934 scaenam
1120 3880 1145 3935 V
1163 3885 1179 3933 2
1196 3877 1290 3932 mutila

166 3961 226 4010 tam
245 3958 390 4027 impostori
410 3960 504 4015 deberi
525 3960 709 4027 ‘manifesto',
728 3958 774 4013 vix
789 3958 1072 4029 commemorandum,
1092 3962 1167 4015 certe
1184 3975 1235 4014 non
1251 3955 1290 4009 im·

165 4037 346 4108 pugnandum
365 4041 431 4095 erat.

255 4117 297 4185 **)
317 4117 492 4190 Ladewigius
512 4119 529 4175 l.
551 4137 570 4175 s.
592 4138 612 4174 s.
632 4139 659 4189 p.
680 4126 739 4188 190,
759 4119 818 4174 alii.

254 4198 315 4269 ***)
334 4199 374 4255 Cf.
394 4199 533 4271 Hauptius
554 4199 654 4269 Opuso.
674 4200 713 4253 ΙΙΙ
731 4219 758 4268 p.
778 4206 829 4254 457
854 4202 882 4256 et
900 4199 1109 4256 Studemundus
1136 4199 1242 4255 Emend.
1260 4197 1290 4250 Pl.

165 4278 219 4348 (cd.
240 4280 395 4349 Gryphisw.
422 4299 445 4336 a.
467 4284 546 4348 1871)
566 4300 592 4350 p.
614 4287 637 4335 7.
675 4280 746 4333 Mihi
770 4280 853 4336 valde
877 4281 1024 4350 probabile
1048 4284 1092 4335 cst
1119 4280 1190 4336 inter
1214 4294 1291 4334 versu

166 4365 217 4413 000
237 4361 265 4412 et
284 4363 334 4411 621
355 4359 438 4412 nimis
457 4361 590 4429 abruptos
608 4360 747 4429 quaedam
765 4361 875 4429 deesse,
904 4360 952 4416 ubi
970 4362 1077 4432 optimc
1097 4361 1242 4416 Alcesimus
1257 4356 1290 4409 al·

164 4438 241 4508 loqui
259 4437 353 4507 potuit
370 4436 558 4507 Lysidamum.
597 4438 668 4495 Vide
686 4439 761 4495 infra.
778 4460 805 4511 p.
824 4440 910 4498 XVll.
