2948 5594
201 307 265 371 154
681 305 868 362 APPENDIX
1207 311 1351 364 eos-ssu

199 469 283 524 etiam
309 468 505 535 Kellerlroffius
532 469 565 524 de
591 469 682 523 coiloc.
710 469 780 523 verb.
804 485 835 538 p.
855 472 907 536 78,
934 484 996 523 cuns
1021 467 1179 539 siquenm,
1199 468 1282 524 send.
1307 471 1350 526 Pl.

199 567 230 618 p.
247 554 265 603 6
285 549 350 604 adn.
370 549 525 618 distinquat
544 548 617 614 Quin
635 549 728 603 hercle
749 546 791 601 ‘di
809 550 839 604 ts
857 548 987 619 perdunt’
999 550 1099 618 paullo
1112 551 1302 618 artificiosius.
1319 583 1351 592 -

182 684 183 687 ,
207 629 236 683 V.
257 633 309 683 610
334 627 505 683 missurusne
530 628 567 682 ud
590 644 636 683 me
661 646 690 685 es
714 629 842 699 Pylades
880 627 923 697 Os.
946 628 1117 686 suturam
1134 631 1153 687 l.
1172 646 1194 686 3.
1213 648 1236 686 3.
1251 649 1283 702 p.
1301 638 1351 702 26,

199 707 321 764 Baierus
336 726 365 779 p.
384 713 431 765 92.

290 795 350 843 612.
374 787 411 843 Et
437 805 499 844 cum
523 789 576 843 huc
599 792 714 844 etcum
739 788 811 844 istuc
836 787 966 859 Pylades.
1003 789 1128 858 Cumque
1152 790 1206 846 hnc
1230 808 1350 861 cumque

199 867 270 922 istac
299 868 474 924 Camerarius
502 869 547 937 (cs.
574 869 726 924 Muellerus
748 869 828 925 Pros.
849 887 880 940 9.
900 873 974 940 739).
1011 869 1081 925 Cum
1108 869 1164 925 hac
1192 871 1259 926 lnbs
1288 890 1348 927 cum

199 948 271 1002 istuc
291 949 450 1018 Geppertus.
1054 1004 1056 1008 ,
1263 993 1277 1008 ,-

289 1035 349 1083 613.
368 1043 680 1099 ssrsnsmuumcusn
708 1030 764 1086 As:
790 1031 840 1086 uti
866 1029 927 1100 ubi,
955 1029 1033 1085 uliud
1061 1031 1123 1100 (del.
1152 1035 1194 1101 et)
1222 1033 1350 1101 Bactrius,

199 1110 349 1164 Bentleius.

291 1194 351 1244 616.
369 1189 484 1244 Amicus
508 1209 582 1245 nunc
604 1193 634 1245 tu
658 1189 729 1245 mihi
751 1207 781 1246 es
801 1191 930 1264 Pylades.
966 1189 1048 1246 Nunc
1070 1193 1133 1247 tute
1152 1192 1263 1247 amicus
1281 1193 1350 1248 mihi

200 1286 230 1323 es
255 1269 436 1327 Camerarius.
475 1269 517 1325 Tu
543 1288 616 1325 nunc
640 1270 746 1326 amicus
770 1288 800 1327 es
825 1271 896 1326 mihi
919 1275 956 1342 (et
978 1288 1144 1342 germanum
1168 1271 1200 1326 in
1224 1265 1349 1342 modum)

200 1351 323 1406 Guietus.

290 1437 349 1485 616.
383 1433 477 1485 nutem
508 1449 567 1485 esse
596 1430 667 1485 mihi
695 1431 787 1485 dicum
815 1432 935 1502 Pylades
964 1433 1046 1499 (uude
1074 1431 1156 1488 Sorte
1184 1451 1243 1502 qun
1269 1436 1350 1490 initio

201 1510 342 1566 Meursius
370 1530 384 1566 e
409 1529 433 1566 o.
457 1514 499 1580 c).
536 1510 607 1565 mihi
635 1528 696 1566 csse
724 1515 818 1566 sutem
846 1510 937 1567 dicum
966 1512 1148 1567 Camerarius.
1188 1513 1260 1568 mihi
1289 1531 1346 1570 esse

200 1591 344 1644 autumem
364 1591 572 1647 Ritterstrusius.

290 1678 340 1725 617
351 1688 387 1740 sq.
408 1673 447 1725 At
466 1673 541 1739 quod
560 1673 711 1741 nescioquis
728 1672 883 1741 obloquente
898 1672 974 1727 Guil.
989 1672 1107 1728 Cantero
1121 1674 1194 1729 Non
1206 1676 1225 1729 l.
1237 1677 1347 1730 11116.

200 1752 258 1805 Aut
277 1750 344 1819 quid
360 1752 516 1807 Gronovius
534 1754 660 1821 (iunqens
676 1751 797 1820 fecerim,
816 1752 894 1822 quoi)
908 1755 1022 1822 itemque
1035 1754 1155 1809 Botlrius
1170 1757 1230 1823 (sea
1245 1755 1299 1822 Qui
1312 1758 1349 1811 sic

200 1833 244 1886 tot
262 1830 369 1886 umenti
388 1832 435 1899 mi,
455 1850 515 1887 cum
533 1834 599 1886 olim
617 1831 688 1885 Mihi
708 1831 774 1899 quoi
793 1833 838 1887 tot
856 1832 963 1887 umenti
981 1835 1128 1904 traiecerit)
1145 1834 1349 1906 Geppertusque

200 1914 235 1981 (et
248 1910 302 1965 Tot
321 1910 362 1966 sic
376 1911 481 1967 amenti
496 1913 562 1980 quui
577 1914 628 1968 del.
642 1911 733 1980 mihi).
745 1910 843 1966 —Cur
858 1913 897 1967 sic
911 1915 956 1967 tot
969 1931 994 1968 u
1009 1931 1046 1968 m.
1056 1914 1232 1971 Buchnerus.
1262 1917 1347 1982 Quom

200 1990 240 2044 sic
259 1997 308 2046 aut
327 1992 416 2057 Quom
435 1995 479 2047 tot
497 1992 614 2047 nubenti
632 2011 668 2048 m.
689 1993 823 2047 Goeteius.
853 1992 976 2048 Ceterum
990 2008 1289 2050 cmstcsmnurlmm
1302 2000 1348 2051 As.

199 2071 246 2126 Aa
261 2072 420 2142 [elueniunt
434 2075 467 2140 cI.
483 2091 507 2128 a.
523 2078 587 2141 437,
601 2074 637 2128 al.
652 2078 677 2127 et
691 2073 790 2127 videsis
802 2072 937 2127 Baierum
946 2091 977 2143 p.
989 2080 1034 2130 68.
1065 2076 1165 2130 Totum
1179 2093 1287 2132 omnum
1297 2083 1345 2131 617

199 2153 249 2207 del.
278 2154 422 2226 Vssiuqius
448 2155 555 2208 ratione
576 2154 785 2223 perversissima.
830 2152 899 2223 Quis
924 2156 996 2208 enim
1018 2156 1101 2209 amba
1118 2173 1172 2224 per·
1194 2174 1225 2212 se
1247 2160 1348 2228 optimu

199 2233 308 2303 locoque
326 2236 524 2303 convenientia,
541 2235 587 2290 sed
604 2239 747 2289 structura
765 2235 888 2287 careruia
906 2234 1073 2288 inseruerit?
1110 2237 1152 2302 Of.
1170 2241 1264 2305 praef.
1333 2280 1336 2283 ⁴

290 2319 350 2368 620.
369 2316 407 2368 At
425 2315 493 2383 quid
512 2314 643 2369 clamoris
663 2314 777 2369 obsecro
795 2313 919 2382 Pylades.
955 2315 1038 2368 ntur
1055 2315 1123 2384 quid
1143 2316 1198 2371 hoc
1218 2319 1346 2373 clamoris

88 2448 90 2453 .
200 2394 324 2448 Guietus.
363 2394 404 2462 Os.
429 2395 575 2450 Rulsterus
598 2397 615 2449 l.
634 2411 655 2450 s.
674 2411 695 2448 s.
715 2412 745 2463 p.
764 2397 869 2463 41339.
890 2423 923 2434 -
947 2393 1078 2460 obsecro,
1106 2398 1220 2452 nostrus
1247 2397 1348 2452 domist

200 2475 343 2527 Abraham
362 2476 379 2528 l.
399 2492 419 2529 s.
439 2492 459 2529 3.
475 2493 505 2544 qr,
525 2479 580 2530 197
603 2477 643 2543 (ut
661 2475 695 2542 cf.
720 2475 869 2542 Lauqenus
886 2474 971 2528 Anat.
993 2475 1037 2528 Pl.
1058 2476 1100 2529 II
1113 2495 1141 2545 p.
1162 2482 1223 2532 633
1245 2477 1345 2547 ‘philol

200 2554 283 2608 Aur)
306 2554 368 2607 XV
383 2573 410 2623 9.
430 2558 505 2623 507).

291 2640 341 2688 621
352 2651 408 2704 sqq.
430 2636 598 2689 Tractururrt
615 2636 665 2689 lroc
683 2636 820 2689 canticum
835 2641 946 2704 praeter
965 2636 1034 2689 alios
1055 2634 1250 2690 Fleclcr'senus
1270 2638 1346 2691 Iliso.

200 2716 260 2769 crit.
285 2715 334 2780 (cel.
360 2734 385 2769 9.
412 2720 495 2784 1864)
511 2733 541 2783 qr.
562 2720 657 2783 5sqq.,
686 2715 890 2769 Studemunrlus
916 2716 1018 2770 ‘Zsclm
1043 2717 1064 2782 I.
1089 2715 1202 2785 Gymn'
1231 2718 1347 2771 XVIII

202 2799 341 2862 (91864)
366 2814 396 2864 p.
417 2800 550 2864 537399,
580 2795 711 2849 (lraiuius
738 2796 771 2848 ele
798 2811 881 2863 correp.
910 2800 981 2848 caut.
1011 2797 1048 2863 (a.
1072 2799 1158 2862 1865)
1186 2815 1214 2863 p.
1235 2804 1346 2867 42399,

201 2876 349 2944 Sufflatus
375 2878 407 2930 ele
434 2878 523 2930 bacch.
551 2894 579 2944 9.
607 2882 653 2931 26.
677 2881 724 2930 25.
750 2879 787 2930 42
805 2891 858 2942 399.
883 2878 927 2927 33.
952 2878 1002 2940 37,
1028 2875 1151 2928 Brixius
1178 2876 1255 2930 Arm.
1281 2882 1345 2947 phil.

202 2956 275 3008 XCI
300 2957 337 3023 (9.
367 2961 449 3023 1865)
476 2975 503 3024 p.
530 2960 566 3010 62
580 2973 649 3025 399.,
683 2955 882 3009 Fulrrmanuus
914 2954 981 3008 ibic.
1016 2953 1123 3007 XCIX
1151 2975 1182 3024 p.
1212 2962 1346 3028 481399,

200 3035 337 3102 Berqlrius
356 3038 422 3090 ibid.
446 3037 498 3090 CV
510 3055 540 3107 p.
560 3040 615 3090 121
625 3054 679 3104 sqq.
700 3035 747 3105 [=
764 3036 860 3102 Opuse.
880 3034 901 3085 Ι
913 3050 941 3102 p.
962 3038 1016 3088 416
1025 3051 1094 3103 399.·
1114 3037 1149 3100 cs.
1171 3038 1214 3089 II
1227 3057 1258 3107 p.
1275 3042 1346 3109 74η,

202 3113 361 3184 8999991393
382 3117 468 3183 ‘Ren’
486 3136 515 3186 9).
536 3121 591 3171 357
600 3134 653 3184 399.
673 3123 698 3171 et
714 3116 825 3185 passim.

292 3200 350 3248 625.
379 3196 455 3250 fucta
479 3197 589 3264 ‘purior
612 3196 699 3250 leetio'
726 3196 774 3249 Pii
793 3195 852 3263 (qui
870 3195 940 3247 ulios
963 3193 1045 3248 factis
1069 3212 1203 3263 erpone-re
1229 3199 1344 3264 ‘facitis’

201 3277 324 3344 narrat):
346 3281 427 3344 atque
447 3278 486 3331 sic
505 3277 640 3344 Anqelius
657 3292 714 3330 uon
730 3291 844 3343 prorsus
863 3276 1032 3343 improbante
1049 3276 1189 3330 Acidalio.
1213 3310 1244 3318 -
1265 3282 1346 3334 modo

201 3372 253 3424 ego
273 3356 344 3409 mira
363 3356 456 3410 uerbis
478 3357 593 3411 Greietus
611 3356 694 3424 (mira
712 3356 789 3409 miris
808 3344 889 3409 et'iam
908 3356 1112 3424 Peerlkampius
1132 3359 1170 3411 ad
1183 3359 1257 3415 Hor.
1272 3364 1345 3430 epist.

201 3439 238 3489 uel
258 3438 315 3490 Pis.
333 3455 361 3505 p.
379 3441 436 3504 20).

290 3522 349 3570 628.
379 3517 451 3570 mate
480 3517 550 3570 suxit
579 3518 760 3571 Camerarius.
787 3547 819 3554 -
846 3516 887 3568 itu
914 3514 1022 3584 percita
1049 3516 1177 3570 Botlrius
1221 3519 1264 3573 ira
1290 3520 1346 3576 cita

200 3597 387 3650 Hermannus.
424 3598 465 3649 ira
488 3598 580 3651 excitu
604 3598 816 3666 Kampmannus
838 3596 1155 3664 aerumnosum.
1193 3596 1238 3651 irs
1262 3600 1345 3654 incita

200 3677 373 3745 899999993-
401 3678 450 3730 ubi
472 3677 516 3730 irs
538 3678 645 3746 percita
668 3678 871 3743 clausulamque
894 3676 976 3729 trocli.
996 3676 1048 3740 des.
1069 3675 1226 3742 Lomanus,
1254 3680 1343 3734 Fulu-

200 3773 326 3821 999993,
346 3759 481 3825 Bequius
499 3759 579 3826 idque
593 3775 622 3811 co
636 3760 745 3825 rectius,
763 3758 830 3825 quia
843 3772 1014 3823 nequaquam
1028 3757 1232 3810 continuantur
1246 3764 1343 3815 cretici.

290 3842 341 3889 629
351 3855 388 3905 sq.
420 3836 552 3891 Oreticum
579 3855 733 3892 mensuram
754 3856 778 3892 o.
799 3844 850 3890 629
874 3837 1013 3905 plerisque
1035 3836 1184 3903 probatam
1208 3840 1344 3910 (19999933

197 3922 403 3982 propuqnataru
416 3936 435 3970 a
449 3919 581 3987 Seyfferto
596 3919 773 3973 ‘Jauresoern’
790 3935 816 3972 a.
832 3917 933 3987 188192
943 3934 973 3986 p.
985 3920 1020 3968 43
1034 3917 1129 3969 merito
1145 3920 1344 3988 irnpuqnubant

201 3993 351 4047 Muellerus
377 3996 454 4050 Pros.
475 4016 504 4064 qr.
530 4004 588 4053 626
608 4004 631 4051 ct
655 3999 829 4067 Speuqelius,
854 4001 902 4067 qui
924 3999 1051 4050 uitiosum
1074 4013 1141 4049 saue
1165 4001 1238 4056 trinu.
1263 4021 1343 4071 anap.

83 4081 91 4093 ⁸
199 4067 290 4143 impiis
310 4073 408 4144 animi)
423 4078 521 4129 iteruri
540 4080 689 4146 iterumque
708 4080 882 4133 commendat.
911 4080 949 4130 m
968 4079 1016 4146 qui
1033 4083 1164 4131 secuntur
1178 4096 1271 4136 versus
1287 4101 1341 4136 curu

199 4156 311 4211 duceri
336 4158 480 4212 certissime
497 4175 550 4226 quo
569 4164 673 4212 tetram.
693 4160 775 4216 troclr,
795 4158 977 4228 brachycatal.
997 4157 1116 4210 habendi
1135 4159 1341 4231 uirtuisque

199 4254 249 4305 que
276 4255 369 4291 uersus
391 4239 501 4292 eundem
525 4256 678 4293 merssuram
699 4241 795 4307 prodit
818 4239 942 4308 quamuis
964 4253 1022 4290 non
1040 4238 1121 4304 plene
1144 4247 1287 4296 serratam.
1311 4273 1341 4281 —

204 4317 235 4369 V.
256 4323 307 4371 630
323 4319 445 4386 plerique
463 4325 562 4387 septen.
583 4321 727 4386 effecerunt
745 4321 863 4373 admisso
882 4318 971 4371 sorus:
990 4319 1062 4370 uude
1078 4317 1198 4372 Botlrius
1218 4321 1342 4374 cxsnims

199 4412 283 4462 corr,
310 4398 452 4466 Vssiaqius
480 4402 564 4465 atquc
588 4401 653 4466 del,
682 4399 811 4455 Klotrius
836 4401 920 4452 ‘Altr
944 4397 1038 4451 Metr.'
1060 4415 1090 4466 p.
1109 4402 1174 4452 424.
1194 4404 1252 4454 496
1279 4403 1341 4470 quid
