2948 5594
168 307 232 370 156
647 308 834 365 ΔΡΡΕΝΒΙΧ
1173 310 1314 363 ser-sss

168 470 333 526 Gulielmius
360 470 505 537 recipiente
532 470 672 540 Seyfferto.
709 469 841 525 nimirum
870 468 941 524 dicis
965 470 1108 526 Meursins
1136 473 1232 537 (antea
1254 484 1313 523 mea

167 568 217 606 om.
249 566 310 604 curn
339 550 399 605 ‘oet
423 551 515 619 eod’).
558 567 671 604 numero
700 551 753 605 hoc
781 549 852 605 dicis
881 552 1033 621 Geppertus
1059 568 1117 605 non
1143 551 1313 620 improbante

167 631 300 699 Beryllo,
332 631 488 699 obloquente
515 631 677 699 leidatptria
701 648 732 699 p.
759 634 819 686 236
840 633 905 685 adn.
951 630 992 698 Of.
1020 631 1136 686 diustius
1166 634 1265 700 (lpusc.
1293 634 1313 685 I

163 731 192 781 p.
213 717 275 767 195.
295 743 327 751 -
349 710 405 765 Sed
429 712 481 766 hoc
505 709 639 779 quicquid
658 716 701 765 est
719 712 832 778 loquere
850 712 880 764 in
899 712 1080 781 pausaretur
1098 717 1210 779 praeter
1228 713 1310 781 Spen-

166 793 264 862 aelium
284 808 361 846 nemo
375 793 548 861 praetulerit.
568 822 601 831 -
626 792 657 844 V.
677 797 728 845 ets
748 791 781 844 fir
794 809 848 861 pra
867 791 922 846 fait
941 792 1009 846 ‘cad
1030 792 1100 846 aut'
1123 792 1183 846 Pii.

255 877 307 926 660
317 889 373 942 sqq.
398 871 464 925 audi
482 870 588 925 Malum
611 889 786 940 pessumum,
808 871 883 940 quod
905 872 1079 926 Carreerarius
1093 873 1234 942 plerisque
1250 876 1309 929 reti·

165 955 306 1020 nautibus,
328 953 401 1007 unde
425 953 470 1005 hic
493 954 544 1007 del.
569 952 700 1015 Weisins,
724 958 787 1006 arete
809 952 884 1019 quod
909 953 973 1006 trai.
993 952 1127 1020 Balbine,
1147 954 1309 1021 postmodo

167 1033 358 1088 Fleclrer'senus
381 1033 566 1101 probantibus
589 1032 722 1086 Muellero
745 1031 908 1101 Klotzioqne
928 1049 955 1101 p.
976 1036 1012 1085 ue
1040 1034 1161 1086 adnu'sso
1185 1034 1241 1102 tenu
1263 1051 1309 1088 nor

166 1114 210 1182 (cs.
236 1115 317 1167 etium
340 1113 459 1166 Betucius
479 1130 508 1181 p.
529 1113 583 1180 64).
620 1112 664 1165 Dc
690 1113 868 1180 anapaestico
894 1113 991 1166 barum
1017 1114 1162 1167 cerberum
1185 1131 1311 1168 mensura

165 1194 284 1263 aequare
307 1210 362 1248 non
385 1193 478 1247 debuit
501 1192 675 1261 Spenaelius,
698 1194 744 1246 eui
766 1193 840 1261 apud
864 1208 915 1246 nos
937 1192 1013 1246 intus
1033 1194 1164 1261 praeibat
1186 1194 1309 1264 Pylades.

168 1304 200 1312 —
224 1273 253 1327 V.
273 1279 323 1326 6⁵1
349 1275 444 1342 coepit
466 1272 519 1327 hoc
542 1273 625 1341 pacto
648 1272 769 1326 exordiri
792 1272 997 1327 Fleckeisenus:
1019 1279 1069 1326 unt
1092 1275 1133 1326 sie
1158 1280 1209 1326 aut
1233 1277 1310 1343 pacto

165 1355 219 1408 hoc
243 1354 362 1408 exordiri
385 1354 479 1423 coepit
504 1354 656 1407 Muellerus
680 1352 756 1406 Pras.
772 1369 802 1421 p.
822 1358 868 1406 00.
888 1355 943 1406 620
956 1369 992 1421 sq.
1029 1352 1073 1406 De
1091 1352 1220 1421 coepiuit
1235 1356 1310 1423 coeit.

165 1434 326 1502 Spenyelius
352 1433 453 1488 Plrilal.
475 1433 611 1486 XXXII
625 1450 655 1501 p.
675 1438 732 1487 306
753 1449 838 1500 aeque
861 1438 952 1486 tacuere
974 1433 1111 1500 improbat
1134 1433 1179 1501 (eet
1197 1434 1262 1487 olim
1280 1436 1309 1491 Τ.

168 1515 210 1566 M.
233 1513 266 1566 P.
287 1531 316 1581 0.
336 1516 386 1580 60)
407 1512 488 1582 006ρί
511 1533 529 1566 0
556 1513 668 1578 ll'eisio,
694 1511 1311 1581 0000000,Βονρ1·ίο,01ἰι’000000000,00

164 1612 217 1663 0οο
233 1598 294 1661 post
314 1593 384 1646 alios
402 1594 437 1657 cs.
459 1591 607 1658 Ostlratfius
627 1590 669 1644 ‘Z.
691 1592 783 1646 Gcsclr.
803 1593 829 1646 0.
849 1591 935 1658 Pers)
954 1609 983 1660 p.
1002 1597 1066 1656 157,
1081 1596 1146 1646 008.
1163 1623 1197 1632 -
1216 1594 1248 1648 V.
1263 1600 1309 1648 6⁵2

162 1675 238 1742 quod
264 1673 388 1726 Atticam
417 1672 493 1726 haud
521 1672 656 1726 condecet
683 1672 799 1727 Guietns
823 1676 867 1740 (cs.
892 1672 1086 1741 Sr'msmundns
1114 1678 1139 1727 et
1164 1675 1311 1742 Segestanus

164 1755 341 1809 ‘dabresbeu’
355 1752 641 1820 0188050011-
652 1751 682 1805 V.
697 1757 749 1806 654
764 1752 837 1818 Quid
853 1754 897 1806 est
910 1758 1015 1807 seruato
1029 1768 1061 1805 ex
1078 1757 1107 1806 te
1121 1755 1176 1807 det.
1188 1756 1311 1826 Pylades,

162 1852 214 1903 ego
237 1835 357 1888 Balbine
380 1836 424 1901 (ex
445 1836 474 1887 te
493 1834 565 1885 istuc
584 1833 674 1899 troi),
692 1831 766 1885 istuc
790 1833 924 1899 Weisius,
943 1848 996 1902 ego
1015 1832 1088 1886 istuc
1109 1833 1311 1890 Fulnmannur

161 1916 237 1970 Anu.
263 1916 334 1983 pluit.
366 1913 389 1968 0
396 1915 419 1966 V
437 1933 467 1982 p.
496 1917 555 1968 823
579 1913 644 1966 adu.
672 1913 831 1981 praeferens
856 1919 946 1966 tamen
974 1911 1128 1968 Possdmne
1159 1932 1214 1984 ego
1242 1914 1311 1972 istuc

164 1998 233 2050 scira
253 2012 287 2049 ex
305 1998 333 2049 tu
353 1995 421 2062 quid
441 1993 479 2047 sit
497 1993 593 2060 negbti
611 1994 703 2060 (aliter
721 1994 785 2046 alini
801 1994 834 2047 dc
845 1994 947 2061 partic.
964 2010 1047 2062 emrrp.
1058 2012 1089 2062 p.
1104 2000 1143 2050 46
1157 1997 1310 2066 obloquente

161 2076 296 2129 Larentia
323 2075 400 2142 ‘pult
424 2074 508 2128 Ant!
529 2076 571 2127 ΙΙ
589 2092 619 2143 p.
640 2075 721 2140 330),
744 2075 793 2127 ubi
816 2073 932 2127 Possim
957 2073 1027 2127 scire
1051 2090 1105 2141 ego
1130 2077 1206 2130 istuc
1230 2094 1263 2131 ex
1284 2080 1310 2132 u

163 2157 230 2224 quid
250 2154 295 2209 sit.
316 2154 421 2214 idicem
436 2154 572 2209 Beclerus
583 2172 611 2223 p.
627 2159 692 2218 180,
710 2154 880 2209 indicativus
899 2171 961 2208 cunr
978 2157 1084 2208 serrari
1098 2160 1190 2223 possit
1208 2166 1311 2214 mutata

162 2237 343 2291 distinctione.
364 2265 396 2274 —
417 2249 470 2303 ego
498 2252 532 2288 ex
559 2235 588 2288 te
617 2234 687 2303 quid
714 2233 787 2287 istuc
816 2236 879 2289 trui.
904 2235 1049 2303 Beralins.
1070 2236 1195 2304 -quia
1218 2240 1311 2307 negati

161 2316 291 2370 Klatnius
309 2332 339 2383 p.
358 2318 412 2368 343
435 2315 507 2368 mira
526 2317 704 2382 peruersitate
726 2316 837 2383 800006
856 2320 970 2384 propter
991 2317 1082 2382 ipsum
1106 2317 1176 2383 quia
1195 2320 1310 2374 laudans

160 2412 275 2449 uersum.
295 2425 328 2434 -
349 2395 380 2449 V.
402 2400 454 2448 666
474 2392 585 2448 Dicam:
611 2393 715 2449 ancilla
733 2399 782 2448 lua
799 2410 885 2461 quam
902 2397 952 2449 tuo
970 2395 1090 2448 Batbius
1110 2396 1308 2467 Lomanusqne.

162 2475 272 2529 Dicam:
301 2477 351 2528 tua
379 2475 482 2530 ancilla
510 2491 594 2542 quum
621 2477 671 2529 tuo
696 2474 895 2528 Fleckeisenus.
934 2473 1044 2528 Dicam:
1075 2476 1155 2527 tuam
1180 2478 1308 2532 ancillam

162 2572 244 2624 quam
264 2557 314 2609 tao
330 2556 473 2624 Baralirem
502 2556 613 2609 Dicam:
633 2555 736 2608 ancilla
755 2571 838 2622 quam
857 2558 888 2607 tu
907 2557 955 2608 tua
975 2555 1146 2623 Spenyelius.
1164 2588 1196 2596 —
1215 2558 1245 2610 V.
1262 2567 1308 2614 656

163 2645 214 2691 cul
233 2635 302 2703 quid
322 2638 383 2690 cst?
397 2637 523 2706 Pylaeles.
553 2636 615 2689 dic?
636 2635 702 2703 quid
722 2639 783 2688 est?
801 2636 926 2689 Guielus.
946 2635 990 2688 dic
1005 2653 1072 2703 ergo
1087 2638 1129 2689 ecl
1144 2638 1214 2704 quid
1229 2646 1308 2707 crgo?

162 2717 311 2770 Lomanus.
350 2715 820 2785 001000010000000000000.
852 2713 920 2782 quid
940 2715 1048 2768 estid?
1069 2718 1216 2786 Berylins.
1246 2721 1307 2788 qnid

162 2800 205 2849 est
228 2805 311 2850 nam?
342 2797 492 2865 Vssinyius.
531 2796 596 2862 quid
621 2796 714 2848 intus?
743 2797 912 2864 6000001103.
949 2796 1077 2865 Seyfferti
1105 2799 1308 2867 discriplicnem

162 2878 262 2931 Plrilol.
278 2877 409 2930 XXVII
420 2895 448 2945 0.
465 2882 565 2944 44700.
586 2878 730 2945 00000001
750 2876 895 2929 Itieletcrus
908 2894 937 2943 p.
958 2880 1060 2943 tOOsq.
1078 2878 1145 2930 000.
1160 2910 1196 2917 -
1215 2880 1244 2932 l'.
1260 2887 1306 2935 656

161 2971 500 3022 munannnurummrsn
529 2960 577 3010 As.
615 2955 818 3010 interminatur.
858 2955 943 3019 thuit
970 2973 1033 3008 nam
1064 2957 1223 3027 Seyffertus.
1269 2960 1305 3026 Cf.

161 3038 281 3089 Bricius
300 3056 330 3105 p.
355 3042 399 3090 03.
420 3068 452 3076 -
478 3054 549 3104 quaa
574 3040 609 3101 (et
632 3037 732 3103 uitam)
755 3038 805 3090 dcl.
831 3036 954 3090 Guictus.
982 3067 1010 3076 -
1038 3037 1069 3089 V.
1095 3045 1148 3090 669
1173 3040 1248 3093 uelle
1271 3042 1307 3094 ait

162 3118 225 3170 trai.
248 3116 371 3171 Guietus.
409 3117 449 3170 ait
468 3117 541 3169 uelle
561 3134 590 3169 se
610 3116 736 3186 Pylades.
774 3115 825 3167 alit
844 3131 873 3168 se
893 3117 966 3168 uelle
986 3117 1105 3170 Batlrins
1123 3121 1200 3185 (alim
1218 3122 1267 3175 liae
1284 3140 1306 3175 e.

161 3199 211 3251 del.
235 3197 344 3264 uitam).
383 3198 423 3251 *t
446 3216 495 3251 suo
519 3198 593 3250 uelle
618 3196 742 3250 Weisius,
779 3195 823 3248 illi
847 3195 888 3248 ait
911 3195 984 3249 uelle
1009 3196 1164 3266 chpertus
1188 3203 1306 3270 itemque,

160 3279 207 3332 sed
234 3277 270 3331 eii
296 3278 453 3348 1600οἰ00.-
481 3280 528 3346 qui
556 3280 678 3332 uiaticum
709 3278 839 3346 0000000
863 3278 1011 3343 elefeudant
1034 3280 1125 3331 nescia
1150 3282 1198 3347 (cf.
1224 3282 1305 3351 Epist.

161 3360 234 3427 604).
272 3360 343 3412 hanc
363 3358 403 3412 uit
423 3357 496 3412 uelle
516 3358 682 3428 Sperryelius.
721 3358 770 3411 LY.
791 3359 836 3410 ala
856 3358 907 3411 ΡΑ.
932 3357 974 3410 ait
991 3356 1065 3411 uella
1084 3357 1125 3412 S.
1147 3392 1180 3399 —
1207 3362 1238 3416 V.
1259 3370 1305 3416 660

162 3441 237 3507 hcm,
265 3440 409 3507 gladium?
438 3438 505 3508 quid
529 3457 592 3492 eum
617 3439 759 3507 gladium?
787 3438 854 3492 Seni
877 3440 1020 3492 coritinuat
1043 3438 1196 3494 Acidaliae
1220 3446 1306 3503 (antea

161 3521 216 3573 uah
246 3536 299 3588 pra
330 3520 366 3573 ah
395 3522 475 3588 earn.)
503 3519 711 3573 assentientibus
735 3519 878 3586 plerisque.
922 3521 960 3570 dt
993 3519 1091 3586 aptitus
1121 3522 1202 3589 libri,
1236 3525 1307 3576 0000

161 3602 290 3654 arieillaru
318 3599 445 3668 gladium
468 3616 556 3654 vacem
580 3602 705 3653 iteratam
728 3605 794 3666 apia
817 3604 893 3668 aestu
916 3604 1040 3666 relatuque
1059 3602 1190 3667 prasente
1212 3620 1305 3657 suiuus.

160 3712 196 3723 ·-
216 3699 277 3735 cum
299 3683 348 3736 del.
371 3680 558 3747 Ganrerarius,
574 3697 628 3748 pra
646 3697 699 3748 000
720 3681 795 3733 enim
814 3695 881 3732 carr.
901 3678 1027 3731 Baebius.

250 3768 301 3814 662
315 3777 353 3829 sq.
386 3761 462 3814 domi
495 3761 544 3814 del.
576 3760 690 3814 Guietus
722 3761 835 3827 itemque
863 3758 1021 3826 Spemnelius
1049 3759 1111 3826 (ricc
1141 3776 1306 3840 quemquam

160 3843 314 3908 adiunyens
332 3858 393 3895 cum
411 3843 537 3895 clausula
555 3841 659 3907 lamb),
676 3856 737 3894 curre
751 3840 942 3892 telostetsmus
952 3844 1102 3905 praestante
1117 3838 1222 3894 Balleia
1237 3842 1305 3895 domi

161 3926 224 3972 unte
248 3919 315 3972 sinit
337 3923 483 3975 inseruerit
503 3927 565 3990 past
589 3920 678 3974 amnis
702 3921 869 3974 substituens
893 3917 1018 3971 homines
1041 3917 1101 3971 hus.
1142 3922 1219 3974 Sane
1238 3923 1306 3976 domi

160 4018 210 4069 per
233 4000 310 4054 aedis
330 4019 381 4069 per
404 4019 431 4057 se
454 4003 568 4068 ostendit
588 4033 619 4039 —
639 4019 703 4053 nam
724 4002 865 4054 Abrabam
890 3999 967 4052 seul.
988 3998 1031 4051 Pl.
1047 4016 1077 4065 0).
1099 4006 1157 4054 106
1177 4022 1260 4070 0000
1278 4020 1307 4055 es

160 4082 360 4150 lexicaqraplris
377 4083 470 4136 transit
489 4084 697 4149 explicationem
712 4083 807 4134 rudius
821 4082 951 4134 amisisset
967 4100 1013 4131 —.·
1032 4095 1085 4147 000
1101 4084 1206 4136 certius
1220 4089 1306 4137 erran

159 4163 208 4229 0οί
226 4168 251 4215 et
269 4163 318 4215 trae
337 4164 393 4216 laea
412 4169 436 4217 et
454 4164 590 4216 similibus
608 4163 701 4216 errultis
720 4163 839 4230 00010010
858 4163 976 4214 lasarum
994 4161 1103 4213 ratione
1123 4166 1208 4218 nimis
1231 4167 1305 4218 dime-

161 4243 317 4294 tiendarum
335 4244 504 4310 syllabarum
523 4245 650 4309 artificiis
670 4244 811 4311 00001000
832 4246 866 4309 (u.
887 4242 923 4306 i).
943 4270 978 4277 —
997 4255 1084 4308 prope
1106 4243 1143 4296 ad
1163 4261 1227 4297 sese
1246 4243 1306 4298 sinit

159 4321 284 4373 Balbine.
323 4322 390 4373 sinit
408 4323 443 4374 ad
463 4340 490 4375 sc
515 4323 641 4377 Weisius.
683 4324 724 4388 Of.
741 4323 831 4391 praef.

230 4405 281 4452 664
295 4417 350 4468 000.
384 4402 477 4454 hercle
505 4409 569 4472 post
602 4401 692 4457 occidi
720 4403 783 4457 add.
815 4401 1012 4456 Flecleiseuus.
1056 4401 1102 4455 De
1131 4408 1305 4474 anapaestica
