2948 5594
633 798 819 854 APPENDIX
1233 796 1297 861 133

224 949 285 1000 998.
305 942 479 1012 Anapaestos
495 944 569 997 bunc
586 960 610 997 o.
630 959 690 997 999
709 942 829 1010 sequenti
845 941 911 1008 feeit
930 941 1082 996 Muellerus
1102 942 1180 997 Pras.
1196 958 1224 1011 p.
1245 945 1299 995 410

151 1025 271 1078 99191999
293 1023 435 1077 9199991991
458 1022 517 1078 hie.-
541 1024 576 1089 cf.
601 1024 761 1093 Spenpetius
786 1023 871 1089 ‘Bet'
894 1040 922 1091 p.
947 1026 1001 1077 139
1026 1023 1084 1090 (ubi
1106 1023 1160 1075 hoc
1182 1023 1298 1089 retinet).

152 1106 181 1158 91
195 1120 263 1158 curu
276 1105 305 1158 91
317 1104 449 1158 lacrumis
467 1103 645 1156 intercedente
664 1101 733 1155 satis
748 1119 792 1157 me
807 1104 952 1159 coniunxit
968 1102 1096 1172 Pylades,
1115 1119 1147 1156 ex
1163 1100 1255 1156 auimo
1271 1103 1300 1156 91

152 1201 219 1237 curs
232 1201 361 1252 peruersa
380 1185 515 1238 locutione
538 1183 679 1237 Winterus
696 1183 728 1236 de
747 1189 817 1237 cant.
834 1201 864 1252 p.
874 1187 919 1238 17.
938 1183 968 1237 91
986 1199 1052 1236 curs
1070 1199 1115 1236 me
1134 1183 1180 1236 991
1193 1182 1298 1236 Dausa.

153 1263 271 1318 9199119
290 1281 334 1317 me
353 1279 421 1316 curs
439 1263 563 1317 Guietus.
589 1266 618 1317 et
636 1279 703 1316 curs
727 1264 796 1318 setis
816 1279 860 1316 me
879 1262 1078 1318 Fleckeiseuus.
1105 1263 1134 1317 et
1152 1278 1217 1315 curu
1235 1261 1299 1315 med

153 1344 273 1398 Brixius
291 1344 363 1398 olim.
384 1343 421 1398 oh
442 1358 494 1410 pro
511 1341 565 1395 hoc
584 1342 751 1407 Gronovius,
775 1345 828 1397 ohe
848 1342 980 1398 11919199.Ι
1003 1342 1057 1397 hoo
1075 1343 1248 1411 repetendum
1266 1358 1299 1394 99

153 1442 177 1479 o.
197 1430 250 1478 939
269 1425 364 1489 initio,
383 1424 441 1477 scil.
461 1423 545 1476 altero
563 1439 587 1478 o.
607 1423 641 1476 ab
661 1421 736 1476 Satis
754 1425 901 1492 incipiente
915 1428 1098 1492 praeceptum.

225 1509 277 1558 933
287 1520 340 1572 999.
370 1502 538 1573 promeritus
562 1504 621 1570 (om.
641 1504 682 1570 es)
707 1503 821 1557 Olsenus
839 1504 856 1556 1.
875 1519 896 1556 9.
914 1520 935 1556 9.
957 1520 988 1571 p.
1008 1505 1054 1557 29.
1083 1533 1120 1544 -
1152 1501 1241 1556 Immo
1267 1502 1299 1554 19

153 1585 235 1653 potes
260 1583 412 1652 Geppertus
437 1584 471 1650 (et
497 1583 528 1634 ut
552 1581 676 1650 poteris).
718 1581 807 1635 Immo
836 1599 909 1637 nunc
934 1584 1013 1652 potes
1041 1583 1193 1638 Muellerus
1219 1582 1298 1635 Pras.

150 1682 180 1733 p.
196 1667 259 1717 637.
286 1662 387 1726 Immo,
406 1662 445 1715 mi
463 1665 558 1730 pater,
579 1661 615 1713 Et
634 1664 663 1715 tu
682 1662 788 1730 poteris
806 1663 938 1717 Bruuius:
963 1664 998 1729 91.
1018 1663 1080 1716 Em.
1100 1664 1132 1716 in
1157 1661 1199 1715 Pl.
1221 1659 1299 1730 Oapt.

150 1761 179 1812 p.
206 1747 250 1796 16.
284 1743 429 1796 Pffluocsr.
467 1740 556 1794 Immo
588 1742 669 1809 potes
695 1741 844 1812 Lanpenus
871 1743 981 1797 ‘Beitn’
1008 1758 1038 1811 p.
1057 1747 1180 1812 291999.
1208 1742 1301 1796 deletis

152 1824 275 1878 uersibus
299 1824 475 1888 sss-936,
501 1838 567 1889 qnos
591 1827 680 1875 tamen
707 1826 738 1874 ut
762 1822 860 1875 traditi
882 1827 947 1875 sunt
974 1839 1008 1875 ne
1034 1823 1213 1890 interpolator
1240 1822 1298 1890 991-

153 1905 214 1958 91999
237 1903 353 1957 scribere
372 1904 478 1971 potuit:
505 1918 590 1970 99999
615 1902 640 1954 si
664 1901 780 1955 delemus
802 1903 922 1969 quadrat
951 1900 1023 1966 Quid
1049 1906 1133 1970 opust
1157 1901 1250 1954 uerbis
1274 1918 1298 1955 o.

153 1987 217 2038 937.
246 1983 426 2036 benemerens
453 1984 548 2036 noster
570 1983 599 2049 (i.
619 1999 639 2035 c.
664 1981 742 2034 nobis
768 1997 829 2034 cnm
855 1981 1010 2035 Philocrate
1035 1982 1193 2048 99999919)
1225 1981 1298 2050 Tyn·

153 2065 242 2118 dorus
260 2064 372 2128 elicitur,
390 2080 466 2132 quem
484 2066 650 2130 qeearstopere
668 2061 812 2114 liberatum
830 2063 925 2128 cupiat
944 2078 1006 2115 erus
1023 2063 1074 2116 scit
1090 2062 1298 2130 Philopolemus.

155 2173 189 2182 -
210 2141 240 2194 di
259 2144 428 2211 potestatem
447 2159 509 2196 eam
525 2142 653 2210 Pylades,
672 2140 701 2194 di
719 2141 888 2208 potestatem
904 2141 1025 2196 Bosscbo
1044 2144 1111 2210 (non
1131 2141 1300 2210 improbante

153 2221 306 2276 Bitscbelio
324 2221 433 2290 Prolep.
448 2239 479 2290 p.
495 2221 713 2287 CCCXXVII).
734 2219 762 2273 di
781 2220 844 2274 tem
862 2223 1032 2289 potestatem
1053 2222 1206 2276 Muellerus
1221 2221 1299 2274 Pros.

150 2320 180 2371 p.
191 2307 250 2355 248
259 2318 297 2370 99.
317 2300 345 2353 di
365 2318 425 2355 eam
440 2302 578 2370 postatcm
595 2301 718 2354 Kocbius
728 2303 802 2355 Aun.
813 2302 883 2370 phil.
903 2302 1017 2355 10111
1035 2304 1070 2370 (a
1092 2306 1176 2369 1871)
1191 2319 1220 2370 p.
1232 2307 1299 2356 828.

153 2412 187 2421 -
208 2382 271 2433 An:
290 2379 417 2434 danunt?
443 2381 472 2434 V.
494 2387 545 2434 939
564 2396 693 2434 munster
711 2381 761 2448 (sic
777 2379 930 2451 Vssinpius)
950 2382 991 2436 orl
1008 2397 1150 2435 munerem
1169 2381 1299 2451 (9191191-

151 2462 228 2524 uius)
249 2461 382 2515 Gerteius.
406 2460 436 2516 V.
457 2467 508 2515 936
527 2459 628 2515 merito
648 2477 777 2514 maxumo
797 2461 1013 2516 lindunonuus.

226 2546 278 2594 939
288 2557 326 2610 99.
351 2540 400 2609 qui
422 2540 492 2594 mihi
515 2541 614 2594 melior
632 2558 717 2608 quum
737 2541 795 2609 ipse
815 2539 870 2593 sibi
891 2539 1013 2595 Guietus.
1043 2539 1113 2594 mihi
1132 2539 1181 2608 qui
1201 2538 1301 2594 melior

152 2638 238 2689 quam
262 2619 375 2673 sibimet
394 2619 597 2675 Ftecleeiseuus:
621 2624 650 2673 ot
668 2621 701 2686 cf.
722 2620 883 2688 Kaempfius
901 2621 917 2674 l.
937 2636 958 2673 s.
977 2636 997 2674 s.
1013 2638 1043 2689 p.
1063 2624 1106 2675 35.
1136 2619 1167 2674 V.
1184 2624 1235 2672 949
1258 2617 1300 2673 911

153 2718 205 2770 par
223 2698 346 2768 pretium
370 2699 531 2754 1191199999
550 2701 663 2754 Adsere.
677 2717 706 2768 p.
728 2704 771 2753 13.
1315 2712 1320 2719 '

227 2787 325 2848 94199.
360 2778 448 2843 Quom
472 2780 543 2833 bene
567 2779 660 2834 fecisti
683 2778 885 2842 Fleckeisenus,
904 2779 1072 2834 Luebbertus
1091 2779 1168 2834 Sturi.
1187 2796 1299 2848 prooem.

152 2866 253 2931 9194.
271 2891 303 2899 -
319 2858 419 2927 gratis,
439 2857 467 2911 id
478 2859 552 2926 quod
562 2860 696 2928 postulas,
715 2859 751 2912 Et
764 2859 793 2913 id
808 2863 838 2912 et
852 2858 929 2913 eliud
940 2859 1149 2914 Lindemannus
1163 2861 1299 2914 distinxit.

155 2944 260 3014 gratis:
285 2944 314 2994 91
333 2940 405 3009 quod
425 2940 551 3007 postulas
570 2940 607 2992 Et
625 2938 650 2991 si
668 2943 698 2993 tu
717 2939 793 2993 aliud
812 2940 880 3006 quid
893 2940 1013 2994 Briuius
1032 2941 1079 3010 (cf.
1099 2940 1115 2995 1.
1134 2956 1155 2994 9.
1174 2942 1214 3007 9.).

227 3027 288 3077 918.
308 3019 533 3074 abducBotbius.
554 3019 661 3073 abduce
676 3020 888 3088 Kompmannus
902 3022 934 3073 ‹le
948 3033 990 3073 AB
1004 3036 1130 3089 praepos.
1149 3026 1207 3089 p.7
1222 3021 1300 3074 adn:

156 3106 202 3158 secl
220 3103 311 3157 libers
329 3099 424 3153 ducito
443 3105 601 3167 corruptum
620 3116 653 3152 eoo
671 3098 768 3153 libella
786 3102 969 3168 supraposito.

226 3188 286 3237 990.
307 3179 362 3233 Vbi
381 3197 431 3233 uos
451 3178 517 3232 estis
537 3180 671 3245 Bosscbo,
689 3181 761 3248 9991
779 3182 828 3233 etsi
846 3182 915 3246 ferri
927 3197 1005 3249 posse
1023 3187 1119 3236 contra
1138 3181 1301 3235 Muellerum

158 3265 236 3318 Pras.
243 3282 273 3332 p.
287 3266 351 3315 399.
373 3259 510 3314 ‘Nachtr’
519 3277 549 3328 p.
559 3263 592 3312 41
613 3257 680 3327 (Vbi
699 3259 765 3312 istis
785 3261 853 3314 9991
872 3261 911 3314 119
930 3264 1015 3328 atque
1034 3263 1175 3329 suadente)
1194 3261 1299 3314 demon·

154 3349 225 3397 strat
248 3341 398 3409 Lanpenus
418 3339 529 3393 ‘Beitr.'
546 3356 576 3407 p.
596 3344 655 3392 227
674 3344 763 3393 tamen
787 3341 861 3394 Heus
886 3341 933 3394 ubi
958 3341 1025 3394 estis
1044 3346 1068 3394 et
1086 3357 1151 3394 usus
1171 3357 1299 3395 commen-

155 3426 204 3478 rlat
223 3428 248 3476 et
266 3422 322 3474 Vos
342 3420 380 3473 119
400 3437 423 3473 o.
438 3424 491 3473 951
508 3421 671 3488 oppositum,
689 3421 784 3488 911999
803 3437 862 3474 cum
881 3423 991 3476 omuino
1010 3437 1078 3489 opus
1094 3423 1130 3475 sit
1143 3421 1299 3475 mutatione.

228 3507 288 3556 953.
307 3501 415 3553 Nouam
433 3516 559 3552 scaenam
576 3517 656 3567 quom
672 3499 737 3551 libri
750 3500 898 3554 ordiuntur
916 3502 1025 3553 iniuria
1040 3500 1301 3569 postGamerarium

152 3585 294 3653 plerosque
312 3581 452 3634 sustulisse
471 3579 631 3647 Spenpelius
649 3580 742 3648 orpreit
761 3580 777 3632 1.
797 3597 817 3632 s.
837 3598 857 3634 9.
874 3598 903 3648 p.
922 3586 989 3636 278.

229 3667 288 3715 959.
317 3659 410 3713 facere
434 3662 557 3728 oportet,
581 3656 629 3711 ubi
653 3658 772 3724 Parcus,
794 3660 948 3715 Bentleius.
975 3663 1086 3730 oportet
1109 3661 1213 3727 fecere,
1238 3661 1301 3714 cubi

155 3742 322 3796 Ritscleetius
346 3740 442 3808 Opuse.
466 3738 522 3793 111
535 3757 564 3807 p.
585 3743 639 3792 139
663 3738 818 3805 obloquente
838 3741 972 3795 Muellero
998 3741 1135 3794 ‘Nectite’
1156 3758 1186 3809 p.
1206 3744 1301 3808 1899,

154 3824 205 3892 qui
227 3822 318 3874 fecere
347 3820 459 3888 oportet
486 3818 632 3882 defendens
655 3818 726 3872 toros
753 3821 833 3873 aliter
861 3827 1029 3888 coruparatos
1056 3825 1210 3887 comparat:
1236 3837 1301 3872 nom

155 3905 249 3957 bintus
267 3901 360 3954 991199
379 3904 417 3952 est
435 3897 484 3951 ubi
502 3899 629 3953 admisso.
646 3929 677 3937 —
695 3900 799 3953 salsum
819 3900 855 3952 D.
871 3901 1011 3953 Heinsius.
1036 3898 1067 3953 V.
1088 3903 1139 3951 956
1159 3903 1227 3951 recte
1245 3900 1301 3951 iam

156 3983 273 4037 Guietus
291 3981 342 4032 alii
360 3978 556 4046 intellepebant.

227 4066 287 4114 957.
307 4057 405 4126 Neque
425 4074 476 4125 999
496 4073 543 4110 ero
563 4056 756 4112 Fleckeiseuus
776 4059 876 4112 Psilos.
898 4059 938 4111 11
950 4077 979 4126 p.
995 4063 1038 4112 98.
1059 4087 1091 4096 -
1112 4072 1245 4125 unquam,
1267 4074 1302 4108 ne

154 4144 185 4194 tu
206 4156 283 4208 spem
304 4138 484 4192 Camerarius.
510 4153 635 4205 unquam
653 4156 687 4192 ne
706 4141 738 4193 tu
757 4139 786 4192 in
811 4155 860 4207 spe
879 4155 912 4190 99
931 4139 1000 4191 libro
1018 4137 1135 4206 proaulam
1153 4136 1302 4192 Acidalius

154 4220 221 4274 Dio.
246 4237 275 4287 p.
300 4224 355 4272 199
383 4218 422 4287 (19
450 4232 527 4285 spem
557 4218 684 4281 (1919199,
713 4219 906 4273 Fleckeisenue
924 4219 941 4272 1.
960 4233 981 4271 9.
1000 4233 1020 4271 s.
1041 4217 1125 4272 Anat.
1145 4235 1175 4286 p.
1199 4221 1302 4287 4199).

153 4316 316 4367 numquam,
336 4314 370 4350 ue
389 4313 467 4366 spem
492 4296 629 4352 Votienus
648 4297 742 4353 Herm.
762 4306 779 4352 t.
796 4299 897 4352 XVII
909 4315 939 4366 p.
955 4301 1018 4352 602.
1038 4298 1081 4352 De
1099 4298 1239 4352 verborum
1259 4313 1303 4350 me

155 4380 246 4432 bonae
265 4376 338 4446 frugi
357 4376 417 4429 fore
435 4377 591 4444 intepritote
610 4378 754 4434 dubitabat
773 4379 897 4432 Botbiue.

227 4463 288 4511 999.
320 4472 379 4509 rem
397 4459 475 4509 tuum
496 4458 584 4523 (tuam
604 4474 662 4510 rem
680 4460 814 4526 Bossobo,
834 4457 1046 4526 Kampmounus
1065 4460 1097 4512 dc
1120 4474 1162 4512 ux
1177 4475 1302 4527 praepos.

149 4555 179 4608 p.
201 4539 248 4602 18)
273 4535 359 4590 199199
378 4552 411 4600 ex
431 4553 466 4590 m.
486 4554 523 4590 m.
545 4536 672 4605 Pylades.
699 4539 809 4594 Versum
827 4540 877 4594 191.
906 4537 1030 4605 Guietus,
1048 4556 1097 4592 om.
1118 4539 1235 4592 Botbius
1255 4541 1302 4605 (cs.

153 4621 192 4673 ael
201 4636 225 4671 9.
237 4619 305 4681 968)
319 4617 584 4685 911119919919199999
599 4622 623 4669 91
635 4618 763 4674 (1999999
773 4620 856 4674 Amal.
869 4621 1063 4689 9290919111
1076 4624 1238 4673 statuerunt.
1253 4620 1304 4670 199

154 4716 188 4753 cx
208 4715 237 4751 re
257 4698 325 4765 (scil.
345 4694 594 4762 9911991.199199);
620 4698 705 4751 199199
731 4699 941 4752 1911999919.
962 4713 984 4751 9.
1003 4698 1096 4750 triante
1114 4704 1138 4750 et
1163 4699 1261 4764 tinpua
1279 4702 1303 4751 et

153 4779 272 4847 dialopo.
297 4780 347 4828 tua
365 4792 398 4828 ex
417 4792 446 4829 re
466 4779 521 4841 est,
541 4774 627 4829 199199
646 4777 795 4846 Lanpenus
814 4778 893 4831 Stoa.
916 4778 959 4831 Pl.
975 4794 1004 4845 p.
1025 4783 1072 4830 99.
1118 4776 1146 4829 V.
1162 4777 1253 4842 praef.

226 4863 286 4910 961.
316 4854 389 4921 Quid
409 4855 586 4923 9991919991
606 4858 803 4926 redinteprarn't
822 4857 989 4911 Luebbertus
1008 4858 1023 4910 l.
1039 4873 1060 4910 9.
1074 4872 1093 4910 9.
1111 4873 1140 4922 p.
1160 4858 1204 4909 83.
1230 4853 1301 4919 Quid

153 4954 206 5007 ego
217 4937 294 4991 haud
303 4936 394 4991 fatear
404 4935 527 4991 Guietns.
543 4933 618 4988 credi
633 4937 738 5005 pudeat
750 4938 861 5006 †qu0m
875 4939 1010 4991 autumes.
1030 4936 1179 5004 Vssinpius.
1203 4935 1299 4990 Veram
