2948 5594
156 826 198 882 lv
217 833 243 896 8,
264 835 368 883 12-20
658 828 803 885 CAPTlVl

156 990 231 1057 Nisi
255 991 311 1077 qui
334 993 414 1057 satis
439 992 493 1057 dit
516 991 635 1057 uixisse
659 995 729 1058 sese
752 993 851 1059 homo
875 994 1103 1060 arbitrabitur:

155 1096 244 1162 Nam
267 1099 322 1184 qui
346 1098 523 1184 obstiterit,
546 1099 601 1164 ore
625 1098 726 1164 sistet.

749 1270 781 1310 10

682 1255 807 1414 HmHic
830 1348 928 1414 homo
952 1350 1135 1434 pugilatum
1157 1349 1281 1435 incipit
1349 1384 1362 1402 ι

644 1505 813 1561 Eacssmvs

157 1595 277 1660 Ficere
301 1599 466 1661 certumst.
489 1593 624 1679 proinde
647 1596 695 1661 ita
718 1618 830 1663 omnes
854 1595 972 1662 itinera
994 1598 1147 1663 insistint
1169 1620 1237 1681 sua,

157 1701 210 1766 Ne‘
233 1702 307 1786 quis
329 1703 365 1766 in
387 1701 471 1766 hanc
493 1702 633 1786 plateam
656 1705 769 1788 negoti
793 1703 938 1768 conferat
960 1705 1130 1788 quicquam
1154 1704 1218 1769 sui:
1251 1721 1301 1771 795

157 1806 244 1872 Nam
267 1807 349 1872 mihi
372 1808 434 1873 hoc
457 1807 589 1874 ballista
612 1813 800 1896 pugnumst,
824 1810 950 1875 cubitus
974 1811 1172 1895 catapultast
1195 1811 1284 1896 mihi,

159 1890 301 1980 imerus
325 1913 421 1978 aries:
445 1917 515 1979 som
538 1936 624 2001 genu
648 1916 688 1980 ad
712 1938 806 2000 quem
831 1916 985 1999 adiecero,
1009 1916 1049 1980 ad
1068 1918 1186 1981 terrim
1210 1917 1302 1982 dabo.

159 2018 351 2106 Dentilegos
374 2019 479 2085 omnis
504 2022 651 2087 mortalis
674 2021 801 2106 ficiam,
824 2044 983 2107 quemque
1006 2022 1178 2089 offendero.

681 2178 779 2234 Homo

157 2266 247 2344 Quae
269 2269 364 2335 illaec
386 2269 574 2335 eminitiost
596 2271 694 2335 nam?
718 2274 843 2356 nequeo
867 2269 981 2335 mirari
1002 2272 1094 2337 satis.

651 2427 821 2483 Eacssmvs

156 2515 288 2583 Faciam
310 2521 348 2583 ut
369 2517 465 2583 huius
489 2517 541 2582 die
564 2429 692 2603 lucillae
716 2517 843 2604 meique
867 2541 994 2604 semper
1017 2521 1209 2606 meminerit,
1250 2537 1302 2586 800

157 2697 369 2706 *ψη*

228 2803 289 2852 796.
309 2797 420 2854 Noniae
435 2816 465 2868 p.
485 2802 548 2868 552,
565 2816 593 2869 p.
614 2803 663 2854 13.-
681 2799 824 2868 catapulta
843 2800 964 2854 iaculum
985 2801 1059 2855 celer
1076 2799 1124 2855 uel
1143 2800 1297 2870 sagitta...

156 2877 320 2938 Plautus‚in
340 2876 466 2947 Captiuis
487 2879 571 2933 ‘nam
591 2895 682 2933 meus
694 2921 790 2935 ......
801 2880 895 2933 mihi’
946 2880 1149 2935 Grammaticus
1162 2882 1195 2935 de
1209 2881 1302 2936 dubiis

154 2958 312 3012 nominibus
327 2974 357 3026 p.
377 2960 563 3027 587,12K..·
587 2976 710 3029 pugnum
731 2958 847 3014 Plautus
871 2975 972 3029 genere
990 2963 1090 3014 neutro
1109 2958 1181 3013 dixit
1201 2959 1301 3014 ‘mihi

154 3039 238 3092 haec
255 3036 387 3092 balista
405 3055 552 3109 pugnum
572 3040 650 3094 est’.
670 3039 718 3092 sed
737 3037 837 3092 melius
856 3039 1041 3093 masculinum
1059 3041 1102 3093 set
1127 3071 1129 3075 ·
1174 3044 1233 3094 798.
1255 3040 1303 3096 Os·

154 3119 255 3172 banaa
268 3133 299 3187 p.
315 3121 383 3172 178:
411 3117 570 3188 dentilegos
595 3118 643 3186 qui
661 3118 764 3173 tractos
788 3118 874 3172 habet
892 3119 996 3172 dentes.
1034 3117 1150 3174 Plautus
1171 3118 1301 3176 ‘omncs

155 3197 320 3251 mortales
339 3197 537 3268 dentilegos
556 3197 701 3252 faciam‘
775 3203 835 3251 800.
856 3198 897 3266 Of.
919 3198 1060 3254 Terentius
1079 3199 1154 3256 Ecca
1173 3217 1197 3255 a
1212 3205 1265 3256 801

155 3451 215 3499 792.
236 3445 286 3514 qui
307 3444 450 3501 Grateria.
470 3447 532 3517 quis
551 3447 617 3501 libri
635 3445 694 3514 (qui
713 3447 797 3499 homo
816 3446 939 3514 ‘quidam
958 3447 1034 3501 libri’
1056 3448 1200 3517 Lambini)
1272 3468 1302 3504 se

154 3543 184 3579 se
203 3525 241 3581 Β.
261 3541 291 3579 ee
310 3525 340 3579 F
413 3525 615 3593 abrbitrabitur
633 3525 669 3578 E.
689 3523 844 3578 arbitratur
861 3524 889 3577 Β
980 3531 1039 3581 793.
1059 3544 1106 3581 are
1125 3528 1173 3584 B'.
1194 3543 1242 3583 ore
1261 3529 1302 3582 13²

226 3603 397 3674 pugillatum
415 3605 513 3659 BEF
565 3611 623 3659 794.
644 3602 666 3655 Ρ
685 3604 720 3657 B.
740 3619 782 3657 om
810 3604 909 3660 EJF:
927 3607 962 3673 cf.
983 3608 1020 3661 ad
1037 3624 1062 3661 v.
1083 3612 1136 3663 795
1197 3611 1303 3664 certost

153 3686 189 3739 Β.
210 3687 316 3739 certum
337 3687 381 3740 est
398 3684 458 3738 ΒΖ
525 3700 577 3753 pro
595 3683 659 3737 inde
678 3684 705 3736 B
778 3683 819 3737 ita
843 3682 1041 3740 Fleckeiscnus.
1066 3688 1098 3740 ut
1116 3686 1250 3741 ΒΕΓΖ.
1270 3692 1303 3743 ut

151 3782 281 3850 usae)
364 3767 590 3852 τοῡῐρωωη.
609 3782 651 3852 a,
674 3779 822 3836 eseam
915 3779 1095 3850 usquam
1180 3784 1209 3838 in
1229 3785 1302 3839 hane

153 3862 279 3933 plateam
298 3862 437 3916 enatat
456 3861 487 3915 in
505 3863 559 3917 hac
577 3861 672 3931 platea
691 3862 757 3915 libri
864 3861 971 3931 negotii
991 3862 1059 3915 ΒΕ,
1088 3862 1198 3931 negocii
1216 3863 1304 3916 JFZ
1400 3896 1405 3905 =

227 3947 287 3996 796.
307 3940 377 3994 mihi
395 3941 449 3995 hoc
468 3940 507 3996 θ.
528 3941 595 3995 mihi
614 3942 684 3995 haec
706 3957 818 4011 promia
846 3943 873 3995 d.
893 3943 919 3996 d.
938 3959 965 3995 a.
986 3958 1064 3994 meus
1088 3944 1133 3995 est
1155 3942 1221 3995 libri
1241 3958 1301 3996 eam

153 4020 249 4076 Nonio
320 4020 434 4090 palliola
452 4022 494 4090 Β,
511 4023 558 4077 sed
576 4021 643 4076 lista
661 4021 703 4074 13²
721 4021 753 4074 io
772 4037 827 4075 ras.
847 4020 950 4075 balista
968 4021 992 4074 J
994 4019 1024 4072 F
1039 4037 1099 4073 cusa
1118 4020 1213 4074 Nonio
1231 4020 1300 4087 (bal-

153 4099 221 4154 lista
240 4098 345 4168 Low)
363 4106 389 4154 et
406 4118 518 4170 prooem.
538 4102 564 4156 d.
584 4101 610 4156 d.
630 4117 658 4154 a.
713 4116 838 4171 pugnum
857 4102 901 4153 est
922 4116 1035 4167 proaem.
1054 4099 1081 4152 d.
1100 4099 1125 4153 d.
1145 4116 1172 4152 a.
1192 4116 1301 4168 pugnae

153 4215 220 4270 utri
242 4230 304 4268 cum
326 4214 421 4269 Nonio
520 4216 709 4285 catapultast
728 4215 796 4268 mihi
816 4216 851 4269 B.
881 4213 1055 4281 catapultast
1073 4215 1099 4281 (c
1117 4231 1151 4268 ea
1165 4216 1192 4282 a)
1211 4179 1240 4268 ii
1262 4214 1299 4268 E.

154 4293 302 4362 catapulta
320 4295 364 4347 est
382 4293 453 4347 mihi
471 4293 588 4349 Nonius.
609 4295 754 4363 catapulta
772 4298 814 4349 est
833 4291 920 4346 JFZ
936 4290 972 4361 (ἢ
1082 4298 1140 4347 797.
1161 4293 1300 4349 Humerus

152 4371 239 4426 JFZ
327 4373 362 4426 ad
381 4389 463 4441 quem
482 4373 610 4428 adiecero
629 4372 668 4428 S.
693 4374 868 4443 edqaemque
892 4373 939 4441 (ad
958 4388 1064 4441 quenq3
1084 4373 1127 4441 F)
1147 4374 1237 4430 iecsro
1257 4376 1300 4443 (ce

152 4449 194 4504 13¹
213 4451 245 4505 ia
262 4453 330 4520 roe.)
349 4451 415 4507 libri
425 4454 463 4522 (*)
538 4459 597 4508 tes,
617 4453 780 4524 Dentilegoe
800 4452 840 4520 F,
868 4453 939 4521 oa„
958 4454 1120 4510 Saracenas.
1141 4453 1301 4511 Dentilccos

153 4529 253 4584 BEJ.
271 4528 456 4600 Dentiloquos
475 4534 501 4587 Z
553 4550 649 4587 omnes
668 4530 800 4587 mortales
819 4531 948 4586 BEFZ
996 4531 1184 4604 fatiamE(*)
1241 4542 1299 4590 799.

154 4611 214 4685 Que
234 4609 316 4667 B’E.
337 4611 395 4677 Quo
410 4614 487 4668 ΒΨ
539 4614 604 4669 illac
622 4611 800 4668 eminatiost?
819 4613 854 4670 Β.
875 4611 924 4666 ille
943 4613 1095 4668 cominatio
1114 4615 1156 4668 est
1175 4615 1205 4667 E
1257 4619 1301 4668 est

151 4697 238 4746 nam?
257 4691 405 4747 Acidaliae
423 4693 489 4748 Dio.
507 4712 534 4764 p.
550 4699 595 4749 98.
614 4694 673 4748 est?
693 4708 757 4746 nam
775 4693 856 4761 culpo
874 4710 935 4747 cam
954 4694 981 4747 B
1054 4710 1190 4761 namqueo
1209 4693 1233 4746 J

158 4773 260 4828 Versus
279 4777 429 4826 800-802
448 4779 479 4828 al
502 4774 717 4841 ‹littoprapliiam
735 4787 859 4827 vatatam
880 4779 1028 4827 791—799
1047 4778 1196 4842 praeeunte
1215 4772 1299 4841 Speo-

149 4854 223 4926 9elio
240 4852 351 4906 seclusit
368 4849 401 4908 S
420 4852 456 4921 (⁴²)
529 4858 588 4906 800.
608 4851 719 4907 Fatiam
739 4853 769 4907 Β
839 4851 922 4906 huius
942 4851 1063 4907 EJFZ.
1084 4852 1141 4905 eius
1155 4851 1183 4903 B
1254 4851 1334 4907 dio·

149 4935 280 4992 Bottius.
301 4931 358 4985 dici
376 4932 442 4988 libri
547 4960 549 4963 ·
