2948 5594
165 315 189 368 x
632 314 840 370 PRAEFATIO

167 477 296 560 bantur,
320 479 432 562 quales
455 477 605 544 Loewius
625 478 721 544 Anal.
735 476 841 544 Plaut.
856 501 886 563 p.
903 480 967 545 140
990 477 1190 568 depinxit⁸).
1227 480 1314 547 Post

169 605 257 648 remo
281 584 342 649 hoc
366 585 539 668 adscripsit
561 585 725 650 Loewius:

253 691 435 775 „Zwiscten
456 693 515 757 den
537 692 711 758 ertcttemm
725 691 871 758 Rhittern
892 693 1012 759 werden
1034 693 1117 760 wald
1135 699 1157 760 0
1178 696 1314 762 verm

163 818 245 863 scin:

327 942 489 1007 211218
516 943 571 1021 [ι-
596 941 661 1007 905
687 977 724 988 -
750 941 825 1008 917.
848 941 972 1027 918-
996 943 1077 1026 931]

328 1050 365 1112 Α.
390 1072 409 1112 a

328 1153 365 1221 Β.
389 1155 409 1219 b

167 1848 255 1913 Docte
283 1850 324 1912 ist
350 1850 437 1912 (0100
464 1847 611 1912 vielleielct
637 1852 730 1912 etwas
751 1847 837 1911 naelrr
858 1848 903 1912 im
926 1847 1118 1933 Palimpsest
1137 1851 1316 1919 verbanden

161 1952 369 2041 pcwesen**):
392 1956 449 2019 das
471 1956 506 2018 in
529 1956 585 2019 (00
604 1953 773 2018 Palatlnen
790 1954 886 2019 reiciet
906 1955 1001 2019 larem
1022 1978 1090 2023 aare.
1132 1957 1226 2024 Dect
1247 1961 1317 2025 sind

164 2061 262 2128 solete
295 2060 535 2144 Baeehnunpen
567 2098 607 2106 -
642 2062 741 2125 warin
777 2059 910 2143 chpert
940 2082 1034 2144 papan
1066 2062 1193 2130 Raucae
1223 2064 1315 2130 Reae

164 2168 217 2234 aar
231 2205 270 2215 -
287 2170 332 2233 im
354 2167 493 2232 lcdctsten
513 2166 618 2231 Gnade
639 2167 789 2247 anneta,
812 2188 858 2232 wo
881 2188 912 2232 es
934 2167 999 2233 anet
1017 2169 1104 2235 nient
1124 2192 1182 2236 nm
1198 2171 1313 2238 Reum

163 2276 344 2340 iambiseler
364 2275 453 2339 Venae
474 2275 654 2338 0000111-
669 2275 715 2338 bct
737 2276 833 2338 denen
850 2274 906 2339 hat
917 2274 1039 2341 Ranae
1060 2277 1097 2342 in
1119 2279 1177 2343 der
1190 2278 1312 2362 Haupt

163 2382 250 2448 seclae
273 2381 368 2447 Reclet
390 2419 441 2445 —.
473 2380 583 2446 Wollte
605 2401 680 2444 nean
702 2381 883 2461 ananum,
905 2383 978 2447 dass
1002 2403 1034 2448 es
1055 2405 1119 2448 nnr
1141 2389 1165 2449 4
1190 2385 1313 2452 Bane

164 2510 276 2571 waren,
299 2510 331 2554 so
354 2494 467 2554 mdeste
489 2490 524 2552 in
546 2488 579 2552 A
601 2487 671 2552 selu
693 2489 752 2553 utel
771 2488 883 2569 pefetlt
903 2488 1010 2555 laem
1062 2475 1218 2574 Ubripene
1238 2493 1312 2558 nabe

162 2596 212 2660 ich
239 2603 300 2674 alif
316 2620 348 2675 p.
372 2600 439 2660 220
466 2596 515 2659 die
542 2614 582 2658 nte
612 2596 797 2659 awartcndc
827 2594 1203 2675 Qrmterne'cnennammer
1232 2599 1312 2665 nan

160 2702 432 2874 yesehldncodicem
441 2807 589 2871 Loewius
601 2830 626 2870 a.
638 2805 938 2873 MDCCOLXXVII
950 2808 1308 2877 etMDOGGLXXVssl

164 2918 305 2983 contulit
323 2918 464 3000 itemque
479 2915 512 2979 D
529 2917 580 2980 bis
598 2938 707 2979 mense
722 2915 808 2980 Maio
824 2939 851 2981 a.
867 2915 1200 2984 MDGCOLXXVIII:
1219 2913 1307 3004 quem

164 3029 278 3089 notum
303 3029 353 3088 est
376 3026 408 3086 in
433 3045 528 3087 versu
547 3020 689 3106 auam)
713 3023 809 3087 finem
828 3024 934 3088 facere
954 3025 1114 3090 scribendi
1139 3023 1233 3112 (post
1250 3026 1308 3090 tria

164 3132 241 3194 folia
265 3153 365 3195 vacua
388 3130 533 3215 sequitur
552 3152 570 3193 a
589 3129 610 3193 f.
630 3131 671 3193 73
696 3127 899 3216 Bacchides).
946 3129 1093 3217 Denique
1112 3132 1148 3197 E
1166 3133 1218 3198 bie
1240 3154 1307 3198 con·

163 3238 240 3302 tulit
264 3237 439 3301 Mediolani
462 3259 503 3301 m.
522 3231 601 3321 Apr.
621 3259 647 3300 a.
668 3234 949 3302 MDCCCLXXX:
975 3239 1031 3303 ubi
1055 3261 1174 3305 manua
1198 3239 1307 3304 tertiae

163 3345 357 3428 scripturam
382 3344 585 3427 plerumque,
609 3346 646 3406 ut
669 3365 729 3428 par
752 3346 831 3425 erat,
854 3344 1011 3427 neglexit,
1034 3343 1099 3408 nisi
1122 3351 1182 3411 aut
1206 3348 1307 3431 aliqua

163 3453 289 3516 ratione
313 3450 534 3515 memorabilis
559 3454 646 3514 esset
667 3456 724 3513 aut
748 3472 880 3514 manum
899 3451 1039 3534 primam
1062 3453 1160 3534 plane
1185 3455 1307 3519 obscur-

162 3564 262 3622 asset:
296 3580 425 3622 rasurae
454 3560 562 3621 autem
591 3555 658 3620 fere
688 3578 798 3620 omnes
827 3558 869 3621 ab
896 3557 959 3622 hac
990 3580 1088 3623 manu
1117 3558 1153 3623 in
1181 3560 1217 3625 Ε
1240 3583 1306 3646 pro·

233 3804 259 3871 *)
279 3803 336 3857 Sub
356 3802 447 3871 priore
468 3819 563 3856 versus
581 3807 613 3856 19
633 3803 714 3871 parte
733 3802 806 3856 clare
831 3803 885 3857 hae
904 3801 1025 3858 lineolae
1048 3839 1059 3874 ‚
1098 3840 1109 3875 ,
1135 3804 1306 3876 conspiciun-

162 3886 221 3935 tur:
241 3884 305 3936 ante
325 3900 393 3949 quas
414 3883 488 3951 quod
508 3901 532 3936 v.
554 3888 658 3951 lbsqq.
683 3883 799 3936 umbrae
817 3883 955 3950 quaedam
979 3881 1147 3939 litterarum
1167 3887 1205 3940 ad
1223 3885 1308 3940 didas·

162 3962 263 4015 caliam
281 3960 491 4031 (Cistellariael)
512 3963 649 4033 pertinere
668 3961 739 4016 mihi
756 3960 933 4028 videbantur,
958 3962 1043 4017 nimie
1063 3964 1208 4020 incertum
1225 3968 1268 4020 aet
1283 3968 1309 4019 et

163 4041 333 4099 incredibile.

232 4122 271 4191 **)
292 4122 498 4179 Stndemundus
520 4123 568 4177 ubi
587 4143 611 4177 v.
629 4129 696 4178 1009
718 4126 856 4193 (amano
874 4122 903 4176 in
918 4124 946 4177 A
966 4123 1108 4180 invenerit
1125 4126 1173 4194 (cf.
1195 4125 1307 4197 append.

161 4203 235 4273 crit.)
255 4203 423 4274 ignoramur.
463 4205 502 4259 De
526 4206 657 4258 contentu
682 4203 749 4259 olim
768 4203 893 4273 pleniore
913 4203 947 4258 cf.
967 4205 1003 4259 ad
1023 4224 1048 4258 v.
1072 4211 1143 4260 1014
1167 4212 1198 4262 et
1215 4207 1308 4276 fragm.

162 4284 335 4352 Quamquam
355 4286 452 4339 dubito
472 4284 505 4339 dc
526 4292 541 4338 6
564 4285 639 4339 soliis
658 4283 821 4354 deperditis.
1241 4284 1248 4289 ”

232 4365 290 4434 m)
315 4366 385 4420 Miro
409 4383 500 4420 errore
519 4365 670 4420 Muellerus
689 4365 764 4419 Proe.
784 4381 810 4432 p.
830 4367 932 4430 04710.
952 4362 982 4416 D
1001 4366 1044 4433 (ut
1064 4364 1100 4434 0)
1123 4369 1241 4423 omnino
1259 4384 1307 4422 non

160 4443 294 4516 praebere
313 4445 386 4498 hane
405 4444 529 4498 fabulam
548 4445 627 4498 dixit.
