2948 5594
161 273 225 338 146
640 273 827 331 APPstx
1161 281 1304 331 sss-404

159 436 276 502 fortasse
303 434 328 488 A
357 452 439 489 eruce
466 450 536 490 caue
563 434 610 504 (cs.
638 435 737 490 Pseud.
766 440 838 491 1143
865 436 957 506 ibiquae
983 437 1137 504 adnotata).
1158 467 1191 475 -
1213 452 1307 491 secere

160 516 315 570 Lambinus
333 516 401 570 duee
419 516 515 571 Festo:
534 517 569 581 es.
589 516 754 570 Ribbeeiu‘us
771 517 804 571 de
818 519 920 587 partie.
937 533 958 585 p
984 519 1020 570 43
1033 533 1071 587 sq.
1096 516 1138 582 Cf.
1153 515 1194 570 ad
1207 533 1232 571 o.
1247 520 1307 571 393.

250 601 311 651 307.
329 596 418 650 nolim
438 596 567 664 Merula,
591 598 761 662 baracensis,
784 597 844 652 aiii.
864 627 897 637 -
917 596 960 664 Cf.
979 595 1119 651 Lueissius
1137 598 1171 650 in
1189 595 1306 652 Stuberra.

251 760 311 811 888.
338 755 424 811 Credo
447 773 508 811 eum
527 756 644 825 Anaeiio
664 757 816 811 Memmius.
835 787 869 797 -
889 754 1037 812 denasabit
1055 758 1193 827 Anasiius
1211 773 1244 811 ea
1261 773 1306 811 ms.

163 835 311 890 denotabit
342 837 423 890 stiam
454 837 521 891 ‘tres
547 837 614 891 iibri
640 836 700 892 ms.'
730 835 864 891 Lambini
891 837 947 906 (sed
974 835 1121 892 denotabit
1149 837 1259 891 ‘aetem
1283 841 1307 890 st

160 916 277 985 outaaii’
305 919 419 984 ornnes):
442 917 524 986 idque
547 916 625 970 malit
644 917 710 987 beai,
732 918 796 972 usne
814 916 930 986 Lipsius
952 922 977 972 ei
994 915 1093 972 Donsa
1112 922 1179 986 post
1201 916 1307 971 Vallum

161 997 303 1067 Piumque.
1017 1019 1019 1022 ·

250 1081 301 1132 089
311 1093 348 1146 sa.
368 1076 491 1145 deosque
506 1091 609 1144 quaeso
626 1076 742 1131 Pareus.
756 1106 789 1116 -
804 1079 837 1130 tu
852 1077 885 1131 ut
897 1076 1009 1146 quidem
1023 1074 1108 1131 hodie
1126 1075 1305 1130 Camerarius.

160 1159 192 1211 ut
209 1157 322 1226 quidem
341 1155 426 1211 hodio
445 1161 476 1210 tu
495 1158 613 1212 Botbius
627 1157 672 1223 (ef.
690 1157 843 1212 Muellerus
858 1157 937 1212 Pros.
952 1174 980 1226 p.
997 1160 1070 1224 575).
1098 1157 1131 1210 tu
1150 1155 1307 1224 etquidem

161 1237 256 1291 hercle
280 1236 397 1291 Guieius
416 1238 450 1305 (v.
470 1243 522 1290 390
541 1238 649 1305 delens).
669 1269 699 1276 -
721 1253 830 1291 camum
851 1236 965 1307 (nauis)
978 1253 1033 1307 pro
1051 1252 1149 1292 eonem
1170 1237 1309 1290 Menesias

161 1335 221 1372 eum
245 1317 334 1372 Vatia
373 1317 415 1384 Cf.
442 1316 620 1387 Ladewiaius
643 1317 660 1370 1.
684 1333 705 1371 s.
729 1333 751 1372 s.
773 1333 801 1386 p.
820 1322 927 1387 200sa.
964 1317 1091 1372 Ceterum
1115 1318 1200 1372 verba
1221 1315 1308 1371 Tsoeo

161 1439 189 1452 ..
206 1438 212 1451 .
229 1397 341 1451 eueniat
362 1397 534 1467 Olympioni,
552 1400 583 1451 tu
602 1397 634 1451 ut
651 1396 786 1464 quidem.
803 1442 809 1454 .
826 1398 970 1469 .pendsso
989 1397 1108 1452 Chalino
1126 1398 1228 1452 tribuit
1246 1396 1308 1451 Aci-

161 1479 261 1532 daliae.
1120 1529 1122 1533 ,

251 1563 310 1613 393.
332 1557 421 1613 Verba
433 1557 472 1614 At
486 1559 517 1611 tu
532 1560 565 1612 ut
579 1600 586 1612 .
601 1597 607 1610 .
623 1600 629 1612 .
644 1555 756 1612 Periisti
773 1557 931 1629 Olympioni
944 1559 1088 1613 continuat
1102 1573 1163 1613 enm
1181 1557 1308 1612 Acidalio

170 1638 315 1709 Vssinoiue
333 1641 424 1704 etiam,
442 1643 506 1707 posi
524 1636 636 1691 Periisti
656 1636 735 1691 Senis
750 1655 822 1707 pers.
841 1640 962 1708 Pylades
979 1639 1053 1693 dedii
1071 1640 1188 1707 itemque
1207 1639 1309 1705 (eontra

164 1719 361 1788 Camerarium)
383 1720 525 1774 Meursius
543 1725 568 1774 et
587 1721 714 1775 Pistoris.
753 1717 828 1773 Dein
849 1717 891 1774 01.
911 1717 1002 1773 Taceo
1022 1717 1070 1772 Ch.
1090 1717 1171 1772 Pius.
1191 1716 1240 1771 Clu
1260 1716 1309 1770 Ts-

162 1814 220 1855 eeo.
241 1798 284 1853 So.
304 1799 431 1869 Pylades.
447 1830 480 1838 -
496 1800 580 1854 ambo
599 1805 623 1853 et
640 1801 686 1854 bie
704 1804 729 1853 et
747 1816 771 1853 o.
787 1802 843 1853 380
861 1800 942 1853 eiiam
960 1798 1103 1852 Benitsins
1122 1804 1157 1864 (a.
1174 1801 1240 1863 380,
1257 1814 1309 1851 non

164 1879 217 1945 hie,
233 1877 428 1946 Camerarius).
444 1909 476 1918 -
493 1880 539 1932 Asi
558 1877 682 1948 suspices
701 1880 737 1945 os.
753 1880 892 1934 Iabnsson
909 1880 942 1933 de
959 1880 1054 1948 depon.
1065 1896 1096 1948 p.
1110 1884 1158 1947 91,
1177 1880 1309 1932 adiutum

166 1960 253 2013 iocum
271 1959 421 2028 Lanoenus
439 1958 518 2014 bina.
539 1959 583 2013 Pl.
599 1976 629 2027 p.
650 1962 712 2013 124.
1106 1999 1110 2007 .

251 2044 313 2094 395.
340 2041 421 2108 inpie
450 2038 517 2093 sorti
544 2039 633 2093 Valla.
655 2069 691 2079 -
714 2041 774 2094 tum
802 2038 940 2094 laetificat
968 2038 1105 2094 Lnebsius
1131 2039 1165 2092 in
1194 2038 1309 2092 Simiam.

164 2121 243 2178 Sina.
256 2120 285 2172 1
297 2137 327 2189 p.
347 2124 382 2173 01
402 2120 546 2187 dubitante
564 2118 700 2174 Larenrio
721 2119 897 2175 ‘Iabresbsn'
918 2138 943 2174 a.
965 2124 1038 2174 1879
1055 2136 1084 2188 p.
1104 2122 1170 2173 300.
1204 2120 1309 2172 luorum

165 2200 234 2254 facit
251 2217 308 2254 non
323 2204 437 2268 propter
450 2215 577 2253 numeros
590 2204 697 2255 tantum
710 2206 864 2268 suspectum
876 2201 978 2255 insana
990 2199 1099 2253 ratione
1112 2200 1168 2265 def:
1184 2198 1311 2253 Kzosan

166 2282 249 2335 ‘Abin
270 2278 365 2334 Matr?
381 2296 411 2347 p.
428 2283 496 2334 244.
536 2278 578 2345 Cf.
600 2279 686 2333 Persa
705 2283 768 2335 503.

252 2364 304 2412 393
314 2375 352 2427 sq.
373 2358 426 2412 Sed
446 2359 554 2411 utinam
575 2358 760 2414 Camerarius.
781 2391 814 2399 -
833 2361 884 2414 tuo
901 2359 1011 2428 quidem
1032 2359 1088 2414 ista
1107 2359 1181 2423 sieut
1198 2358 1311 2413 Caietae

164 2444 243 2504 (corr.
263 2436 419 2505 Heracleis)
438 2444 463 2492 et
481 2439 600 2493 Boibius
618 2439 684 2504 (ista
702 2455 743 2493 ea.
762 2455 786 2492 v.
805 2443 859 2495 399
878 2441 927 2494 ubi
944 2441 1065 2494 eusanii
1085 2444 1111 2493 et
1128 2440 1310 2514 iynoratura

164 2521 258 2574 Nonio
276 2520 329 2572 bue
348 2519 494 2582 adbibita:
520 2534 572 2587 qno
589 2519 704 2585 probato
723 2518 758 2572 ds
777 2520 896 2573 Hercule
914 2518 989 2573 istud
1011 2518 1175 2588 (imperius,
1194 2517 1310 2572 Hercule

166 2600 222 2652 illis
247 2599 400 2666 VseinaiuS,
419 2614 519 2665 genero
540 2596 671 2651 Herculei
690 2599 814 2653 Koebius
832 2600 907 2653 Mos.
927 2599 1014 2653 Rben.
1035 2600 1152 2652 XXXI
1167 2617 1196 2667 p.
1213 2604 1310 2666 iiiso.

167 2682 260 2750 [aliter
288 2685 370 2733 antea
398 2680 464 2733 ibid.
487 2677 579 2731 XXV
598 2696 626 2745 p.
647 2684 701 2732 010
729 2680 885 2747 obloquente
910 2679 1059 2734 Ritsebeiio
1082 2680 1145 2733 Aa.
1169 2696 1222 2732 soe.
1244 2679 1310 2746 pbii.

166 2760 245 2828 Lips.
266 2762 307 2812 ΙΙ
320 2778 350 2829 p.
370 2763 425 2813 462
444 2758 522 2828 adn]
548 2760 590 2826 (ae
613 2760 678 2812 dein
701 2760 843 2827 Prognato
867 2758 933 2814 olim
958 2758 986 2811 in
1012 2760 1154 2813 sortiendo
1174 2755 1311 2826 ho(ce)die

166 2845 245 2906 sors).
267 2872 296 2878 —
319 2839 433 2892 Vtinam
461 2838 491 2889 in
520 2838 662 2892 sortiendo
690 2841 740 2891 tuo
763 2839 876 2906 quidem
901 2840 957 2892 ista
980 2855 1038 2892 soro
1063 2838 1213 2892 delicuerit
1237 2836 1312 2890 Sicut

112 2960 114 2963 -
166 2918 296 2974 Herculei
320 2916 465 2986 prognatis
490 2916 627 2970 accidisse
651 2916 814 2986 praedicant
833 2919 943 2972 Biriius
964 2920 1038 2972 Mus.
1058 2918 1146 2971 Rben.
1169 2916 1313 2969 XXXIV

163 3017 191 3067 p.
212 3004 246 3051 10
257 3015 294 3065 sq.
332 2996 446 3049 Vtinam
477 2994 533 3050 ista
561 2995 675 3063 quidem
705 2996 778 3050 sieut
806 2996 954 3051 detinuisse
978 2997 1122 3050 Herculeis
1152 2997 1312 3065 praedicant

165 3096 185 3131 e.
205 3095 229 3145 q.
247 3094 268 3131 s.
293 3077 434 3130 Abrabam
455 3077 658 3131 ‘Woebensebr
684 3078 704 3142 f.
724 3079 756 3131 ei.
777 3078 862 3130 Pisit’
885 3077 925 3129 ΙΙ
941 3080 1249 3146 (a.1o‘·85)p.271s‹1.
1269 3077 1310 3145 (es.

151 3159 301 3210 'Lucissius
329 3162 465 3211 eosnrnent.
490 3174 566 3225 pros.
585 3158 606 3209 1
625 3174 655 3224 p.
675 3160 730 3226 19).
768 3161 807 3211 As
834 3160 866 3212 in
893 3160 949 3213 loeo
977 3160 1043 3212 adeo
1067 3159 1232 3226 perturbato
1259 3174 1310 3211 nou

165 3242 234 3292 reete
251 3238 381 3302 defendas
400 3236 553 3308 sortilendo
572 3254 712 3291 emmeram
731 3240 894 3307 impediens,
911 3240 1070 3307 praesertim
1089 3255 1151 3291 eum
1170 3237 1312 3307 pragmatio

166 3319 310 3372 traiectum
342 3319 425 3372 sinent
458 3319 653 3371 oblitteratione
686 3320 891 3373 eorrsmeudetur.
920 3350 953 3358 -
982 3318 1118 3372 Herculeo
1149 3319 1312 3381 Gronoeins,

166 3414 280 3466 quocum
313 3399 389 3451 baud
420 3400 506 3467 pauci
538 3399 683 3466 prognata
715 3400 915 3453 substantivum
947 3415 1000 3452 esse
1031 3399 1179 3453 notuerunt
1212 3403 1251 3465 (at
1279 3398 1311 3461 ef.

167 3479 266 3546 Amph.
292 3479 363 3547 651).
390 3509 422 3517 -
447 3477 529 3547 i[e]ta
549 3476 577 3529 in
606 3495 674 3532 eorr.
701 3479 834 3548 Pylades,
869 3479 1005 3533 Victorius
1034 3479 1098 3532 Var.
1123 3485 1149 3530 et
1174 3484 1231 3531 ant.
1257 3479 1310 3530 leet.

169 3558 261 3611 XXV
273 3563 315 3611 15.
346 3558 387 3623 Cf.
400 3564 463 3626 posi
482 3558 658 3624 Salmasium,
677 3556 747 3612 aiios
768 3561 966 3630 Cetermeyerus
984 3561 1016 3613 de
1033 3560 1095 3612 bist.
1110 3560 1168 3624 fab.
1181 3577 1210 3627 p.
1226 3565 1263 3612 2?
1274 3575 1309 3625 sa.

254 3644 314 3692 402.
341 3640 382 3704 Cf.
407 3640 444 3692 ad
462 3656 485 3692 o.
507 3642 570 3692 382.
610 3640 688 3691 Male
711 3638 857 3707 Vesinaius
878 3641 1025 3706 formulam
1048 3655 1148 3692 sursus
1170 3641 1311 3692 continuat

168 3718 326 3787 Olympioni
343 3735 406 3772 mose
425 3719 491 3772 Les.
508 3735 561 3787 pro
580 3717 630 3771 Oo.
651 3719 723 3785 (Ch.)
743 3720 871 3772 iraereru.
910 3721 1079 3773 fortunatum
1100 3718 1170 3772 mihi
1191 3721 1236 3771 eit.
1266 3717 1311 3771 Ch.

165 3798 208 3850 Ita
231 3813 299 3851 uero
323 3798 390 3850 mihi
417 3800 545 3868 Pylades.
583 3799 755 3853 fostunatum
780 3797 816 3851 sit
839 3797 918 3852 mihi.
955 3798 996 3852 01.
1022 3797 1066 3851 Ita
1090 3815 1170 3863 uero,
1197 3794 1311 3850 etmihi

167 3876 342 3930 Camerarius
371 3880 498 3947 itemque,
525 3882 572 3934 sed
600 3897 678 3935 uero:
707 3881 738 3932 nt
764 3867 883 3932 Boibe’us
911 3881 975 3932 oiim
1002 3878 1150 3946 (probante
1181 3879 1311 3946 Capparis

166 3954 244 4008 Siuei.
268 3957 311 4008 Pl.
325 3974 354 4026 p.
372 3963 425 4012 146
443 3959 606 4032 [Enimuero
625 3959 694 4013 mihi
713 3960 744 4013 in
763 3959 859 4028 edith.
888 3960 979 4014 Antea
997 3960 1030 4012 ete
1046 3958 1100 4012 Hie
1120 3959 1144 4011 ei
1163 3958 1312 4012 traiciendo

165 4037 244 4105 coeit.
267 4036 426 4105 Gempertus.

256 4121 316 4169 403.
337 4116 409 4183 Non,
428 4120 513 4174 immo
528 4121 622 4174 hercle
638 4151 669 4159 -
685 4122 728 4190 (nt
742 4120 811 4173 mihi
826 4121 964 4173 dicturum
977 4121 1162 4189 interrumpat
1180 4119 1309 4189 Olympio)

166 4196 328 4250 Lambinus.
366 4198 436 4254 Non.
457 4199 508 4253 Oa.
529 4208 602 4254 non?
621 4199 707 4254 immo
726 4200 820 4253 hercle
842 4198 965 4253 Caietae.

255 4284 315 4332 404.
336 4294 370 4330 no
391 4277 513 4332 oblaesis
536 4280 625 4335 Valla.
662 4300 697 4336 ne
716 4281 760 4334 illi
779 4280 887 4334 obiexis
909 4279 1032 4335 Guietus.
1061 4280 1214 4350 ne10bisxie
1233 4279 1308 4349 Lysi·

165 4357 246 4411 aomo
264 4359 409 4412 continuat
432 4358 590 4431 Vesinyiusi
