2948 5594
163 828 380 898 nim-112
637 828 842 887 sacomam

664 991 817 1046 Nicoavnvs

169 1063 259 1140 Quor
281 1061 330 1130 ita
351 1063 500 1130 fastidit?

662 1151 819 1207 Cnnrmnve

491 1242 612 1309 Tintas
636 1241 767 1308 diuitiis
791 1242 901 1308 habet:

166 1345 282 1412 Nescit
303 1347 380 1431 quid
402 1347 502 1413 faeiat
525 1353 612 1415 adro.

659 1434 814 1490 Nraonvavs

620 1516 702 1582 Mihi
725 1514 852 1582 dederit
874 1517 982 1583 uelim.

167 1622 230 1688 Sed
255 1617 313 1708 qni
333 1626 502 1706 praesente
525 1621 559 1686 id
581 1628 694 1687 atrum
718 1621 890 1688 Theotimd
914 1623 1079 1688 datumst?
1258 1640 1310 1689 335

659 1735 815 1791 enniana
1119 1794 1121 1798 Α

167 1819 292 1903 Populo
315 1821 500 1904 praesente:
523 1818 647 1883 millust
664 1817 801 1902 Ephesi,
825 1816 902 1902 quin
926 1819 1017 1883 sciat.

660 1923 814 1977 Nicoavnvs

165 2006 254 2071 Istdo
278 2005 441 2089 sapienter
465 2006 580 2070 sa'ltem
605 2004 685 2070 feeit
706 2002 816 2091 iilius,¹

168 2113 274 2190 Quom
298 2109 392 2177 diuiti
415 2110 540 2177 homini
561 2110 596 2175 id
618 2116 731 2177 adrum
755 2112 948 2177 seruandam
973 2112 1069 2178 dedit.

168 2219 218 2285 Ab
243 2220 282 2283 e6
305 2218 419 2283 licebit
441 2217 588 2303 qndmnia
614 2219 722 2283 subito
747 2225 882 2284 arimere.

166 2404 270 2469 Immo
294 2407 345 2469 em
368 2405 529 2490 tantisper
551 2321 1002 2491 niimqiiburbduibvinoribitur,
1259 2424 1311 2471 340

167 2510 252 2586 Quin
274 2510 397 2576 hibeas
421 2511 503 2576 illud
526 2515 590 2597 qud
614 2511 664 2577 die
688 2512 768 2577 illuc
792 2515 931 2579 mineris.
1039 2551 1053 2582 .-

659 2615 814 2671 N1ooavnvs

166 2696 345 2763 Censebam
368 2721 420 2764 me
444 2697 597 2783 effugisse
621 2700 732 2764 auita
756 2701 942 2785 marituma,

165 2803 214 2868 Ne
237 2805 429 2890 niuigarem
452 2806 582 2869 tindem
605 2805 667 2870 hoo
691 2806 807 2872 aetatis
832 2829 939 2872 senex.

164 2913 199 2976 Id
225 2914 271 2976 mi
293 2911 380 2977 haiid
405 2917 513 2977 utrum
537 2911 634 2977 uelim
658 2912 753 2977 licere
775 2914 946 2999 intillego:

165 3018 216 3083 lta
241 3019 346 3082 bellus
369 3019 488 3103 hospes
512 3018 589 3083 feeit
613 3017 867 3084 Archidemides.
1258 3037 1310 3084 alt

165 3125 230 3191 Vbi
254 3132 339 3190 mino
364 3130 414 3190 est
437 3145 513 3210 ergo
539 3128 629 3190 mens
653 3125 872 3189 Mnesilochus
895 3125 1008 3190 filius?

167 3248 240 3315 Quin
260 3248 347 3301 anrod
366 3248 471 3302 babeat
485 3246 573 3303 soccis
592 3248 662 3302 idom
677 3247 747 3301 Noo.
762 3264 818 3302 eac.
835 3264 864 3317 p.
880 3253 924 3302 63.
945 3247 998 3313 Qui
1012 3249 1105 3302 soccis·
1119 3249 1223 3303 habeat
1242 3266 1310 3304 auro

166 3330 297 3400 Pylades.
328 3327 381 3392 Qui
401 3344 468 3381 auro
492 3328 545 3381 sibi
564 3327 670 3381 habeat
688 3327 776 3380 soccis
796 3328 980 3382 Harmoniae.
1010 3328 1099 3393 Quina
1118 3331 1174 3383 iam
1192 3330 1311 3384 Bolbiar

236 3410 403 3477 subpectum
423 3408 477 3461 D¹:
496 3424 564 3462 corr.
579 3407 628 3461 D’.
649 3407 808 3476 subpiclum
823 3407 882 3460 FZ
943 3414 1002 3461 333.
1023 3409 1097 3474 Quor
1112 3409 1146 3463 F.
1169 3410 1225 3476 Qur
1240 3411 1309 3465 BD.

164 3488 220 3542 (lur
240 3488 292 3542 ΟΖ
343 3488 397 3559 ita]
417 3491 475 3543 tam
493 3489 535 3543 vel
553 3487 592 3542 sic
612 3489 759 3542 Broooiuo
781 3487 840 3541 Oba.
860 3505 972 3557 mamni.
988 3506 1017 3556 p.
1037 3494 1073 3546 17
1160 3497 1219 3545 334.
1241 3490 1307 3559 quid

164 3569 263 3623 ΒΕΖ.
283 3568 332 3638 qui
352 3569 380 3624 0.
400 3568 467 3636 quid
487 3585 520 3622 ea
539 3567 588 3637 qui
606 3569 636 3622 D
708 3568 788 3638 auro]
807 3583 874 3622 auro
894 3568 1002 3635 aliquid
1019 3569 1046 3623 0.
1067 3571 1236 3640 adscriptam
1254 3573 1310 3637 fuit

164 3649 276 3720 aliquid
299 3651 434 3717 proximis
458 3649 591 3703 Nicobuli
615 3650 703 3704 verbis
810 3647 880 3701 mihi
906 3648 1014 3702 dederit
1038 3652 1109 3705 libri.
1135 3653 1173 3703 mi
1202 3652 1312 3707 dederit

163 3729 303 3798 Bequiua
330 3728 427 3795 Opaso.
454 3729 475 3779 I
498 3746 526 3797 p.
553 3731 597 3782 32.
626 3730 659 3794 ef.
686 3728 778 3783 bloba
802 3727 985 3784 Stodomuadi
1008 3730 1086 3784 seua.
1107 3734 1157 3786 ool.
1178 3734 1198 3784 I
1216 3751 1246 3800 p.
1266 3737 1310 3787 30.

165 3808 235 3862 mihi
256 3805 317 3861 duit
335 3823 394 3861 oum
413 3806 574 3862 Hermanno
592 3807 759 3863 Ritscbelius
841 3809 871 3862 V.
891 3814 946 3863 335
960 3826 997 3878 sq.
1022 3812 1071 3864 del.
1096 3812 1309 3865 Braobmaaaos

159 3906 191 3959 p.
208 3891 263 3941 133
317 3892 376 3942 335.
397 3887 447 3940 Set
465 3886 494 3939 D
557 3890 685 3956 presente
704 3889 731 3941 B
798 3888 912 3941 datunst
929 3889 963 3942 B.
985 3889 1080 3942 datum
1101 3891 1144 3941 est
1161 3890 1262 3957 reliqui

166 3973 228 4023 336.
248 3969 376 4036 presente
395 3967 459 4020 BF
541 3967 619 4020 nullu
639 3970 666 4020 st
683 3967 752 4021 BD.
772 3967 865 4020 nullus
886 3969 928 4021 est
945 3970 1044 4038 reliqui
1125 3967 1201 4021 efferi
1220 3970 1310 4022 1301)

237 4047 311 4101 sicat
330 4045 352 4099 0
422 4052 482 4103 338.
501 4064 585 4115 quom
606 4047 640 4101 F.
661 4064 722 4101 eum
742 4049 843 4116 reliqui
914 4054 973 4102 340.
994 4065 1037 4101 em
1056 4048 1175 4102 Brixiae
1193 4049 1309 4102 Eirioad.

164 4130 196 4182 in
217 4128 296 4196 Capi.
315 4144 346 4196 p.
364 4131 414 4192 21,
438 4127 601 4182 Ribbeelcius
625 4129 657 4183 do
674 4134 750 4196 port.
770 4147 800 4198 p.
821 4133 863 4183 31.
894 4130 956 4182 hem
982 4130 1054 4182 libri.
1078 4146 1113 4182 en
1136 4128 1308 4184 Bitscbelius.

165 4208 241 4263 enim
264 4207 389 4262 Belbina
419 4207 475 4262 hau
494 4209 630 4276 Borqlriua
655 4208 752 4276 Opust.
773 4209 793 4261 I
809 4227 837 4277 p.
859 4213 912 4263 674
1002 4207 1090 4260 tantis
1109 4225 1158 4276 per
1176 4208 1238 4261 BD

164 4292 193 4342 te
213 4286 369 4342 mo‘rabitur
387 4289 483 4343 BOD.
503 4287 690 4342 remorabitur
709 4288 769 4342 Fa
839 4296 898 4343 341.
918 4287 1002 4358 illud]
1021 4287 1039 4338 d
1055 4304 1108 4355 pro
1126 4306 1153 4340 in
1173 4290 1258 4343 titinio
1273 4291 1308 4343 B.

163 4368 247 4423 illurn
268 4367 296 4423 0.
320 4368 388 4423 illuc
408 4370 462 4422 D¹:
486 4385 553 4423 corr.
574 4368 616 4422 D‘²
720 4387 775 4437 quo
794 4368 839 4422 die
859 4369 961 4433 BCD,
984 4369 1060 4422 codd.
1080 4368 1204 4437 Pyladis.
1224 4386 1308 4437 quom

164 4448 227 4502 ΡΖ
334 4456 393 4503 342.
413 4448 479 4502 Post
497 4464 542 4520 me
561 4466 618 4502 aaa
638 4451 688 4504 lili.
708 4467 787 4504 eroso
805 4450 832 4503 B
945 4447 1086 4517 effugisse]
1106 4448 1135 4500 ef
1156 4467 1169 4504 e
1193 4468 1261 4504 corr.
1283 4452 1310 4503 B

239 4527 398 4582 'maritima
421 4528 448 4580 Z
554 4534 615 4581 343.
639 4529 723 4601 etatis
748 4529 776 4583 0.
806 4529 888 4583 etatis
911 4528 941 4581 D
1030 4533 1089 4580 344.
1110 4528 1141 4581 ld
1165 4531 1233 4583 mihi
1260 4537 1310 4584 aut

163 4612 260 4663 utrum
274 4609 361 4662 nerim
381 4608 437 4678 (sed
450 4609 482 4663 ia
499 4625 585 4677 iaorq.
601 4610 659 4664 eod.
679 4627 713 4664 m.
734 4612 836 4664 adelitia
855 4611 882 4663 ai
903 4609 976 4663 haud
996 4609 1088 4660 utrum
1108 4609 1192 4662 uelim
1211 4609 1308 4675 licere)

162 4691 200 4743 B.
225 4689 254 4742 id
279 4688 348 4741 mihi
371 4689 446 4742 haud
470 4690 563 4743 utrum
588 4688 674 4742 uelim
698 4690 794 4742 CDF.
824 4689 852 4741 id
872 4688 945 4741 mihi
963 4683 1036 4741 haud
1062 4691 1092 4740 ut
1112 4687 1198 4740 uelim
1219 4689 1250 4743 Z.
1275 4688 1305 4740 Id

160 4769 221 4823 iarn
246 4767 293 4833 mi,
314 4768 405 4821 utrum
419 4769 519 4835 uelim,
539 4769 613 4822 haud
628 4769 792 4824 Ritselzolios
813 4769 919 4837 Proleq.
938 4768 1015 4820 Trio.
1031 4786 1059 4835 p.
1078 4767 1248 4820 CCXVIII

162 4873 297 4944 intelligo
318 4875 343 4926 a
430 4880 490 4930 sis.
511 4890 592 4944 ospes
611 4877 647 4929 n.
672 4842 795 4945 tapeto
883 4881 942 4929 eie.
966 4873 1040 4945 lom
1059 4892 1092 4927 aa
1111 4872 1172 4928 ons
1192 4875 1221 4927 n

164 4953 363 5008 mneaeloehus
382 4955 418 5008 D.
443 4955 636 5010 mnesolochus
656 4957 679 5010 C
