2948 5594
262 365 323 409 vffl
728 342 933 397 rssssnrro

263 505 316 585 (ef.
341 507 409 570 eius
438 506 512 570 diss.
535 507 573 569 de
603 506 676 570 Aul.
699 528 729 589 p.
753 504 811 589 26)
840 505 1040 589 argumentis
1070 527 1147 569 usus
1176 509 1225 571 est
1248 509 1335 571 certe
1357 506 1405 570 in-

260 613 463 679 firmissimis.
472 611 496 699 ¹)
525 612 647 677 Contra
674 612 752 695 quin
777 614 953 677 retractata
980 611 1091 676 fabula
1118 611 1162 675 sit
1192 633 1258 677 non
1282 611 1406 694 dubito,

261 722 380 805 quain
405 720 595 805 quaestione
619 741 638 782 a
660 741 689 782 v.
713 718 888 782 363-370
910 718 1106 801 proficiscor.

349 826 456 891 Libris
481 827 509 890 si
532 825 627 888 fidem
650 824 807 889 habemus
829 862 867 869 -
889 846 948 889 nec
961 823 1063 889 ‚video
1087 846 1143 889 cur
1164 828 1286 889 temere
1309 846 1405 911 nege·

260 955 332 996 mus
359 970 396 977 —
422 928 627 1017 Pythodicit)
657 931 736 995 haee
764 932 974 1021 verbosum,
1002 954 1097 1016 quem
1125 929 1306 997 Saracenos
1329 933 1404 997 sim·

260 1039 390 1123 pliciter
410 1060 535 1103 servum
556 1059 626 1103 esse
640 1037 807 1122 Megadori
827 1039 991 1123 adfirmat,
1010 1037 1236 1104 Schmiederus
1255 1040 1404 1124 sagacius

262 1146 434 1210 atriensem
458 1150 565 1210 vocat:
589 1145 649 1209 hos
669 1145 724 1228 qui
744 1149 899 1230 sequntur
917 1145 1043 1210 faciunt
1060 1145 1277 1231 intellegendo
1301 1151 1339 1211 ut
1356 1147 1405 1211 nil

262 1251 517 1336 intellegant-
536 1253 599 1316 nisi
622 1252 706 1317 forte
726 1252 955 1318 dormitantem
970 1254 1021 1317 rel
1044 1257 1152 1318 mente
1176 1255 1306 1338 captum
1325 1252 1406 1318 haec

260 1357 412 1423 Plautum
450 1360 617 1443 scripsisse
655 1361 811 1423 statuunt.
877 1357 965 1434 Quos
1001 1362 1114 1424 contra
1149 1363 1187 1423 ut
1221 1359 1403 1424 rectissime

258 1464 433 1549 Ussingius
462 1466 601 1549 monuit,
631 1465 794 1529 neminem
823 1464 1016 1549 explicuisse
1046 1488 1110 1550 qua
1137 1464 1176 1530 de
1199 1486 1297 1530 causa
1321 1487 1405 1532 nora

259 1571 432 1637 inferretur
454 1594 594 1656 persona
616 1571 706 1635 cuius
730 1572 820 1635 nulla
843 1593 980 1656 usquam
1004 1572 1069 1636 alia
1091 1573 1182 1637 fieret
1204 1573 1339 1656 mentio,
1360 1573 1407 1638 ita

258 1699 299 1741 ne
322 1678 391 1761 ipse
415 1679 545 1763 quidem
569 1677 645 1762 quid
674 1678 720 1741 rei
749 1681 835 1742 esset
862 1678 1027 1762 perspexit
1049 1700 1186 1763 raraque
1216 1700 1290 1744 cum
1314 1678 1406 1744 falsis

260 1785 343 1849 miro
367 1785 462 1850 modo
483 1785 622 1850 miscuit.
668 1783 767 1848 Recte
787 1784 922 1849 miratur
946 1806 1002 1850 cur
1020 1785 1201 1869 Pythodice
1221 1785 1409 1851 tribuantur

260 1913 341 1975 quae
365 1891 405 1955 ad
425 1890 603 1956 Strobilum
628 1894 773 1975 spectare
792 1892 974 1956 videantur:
998 1891 1083 1975 quod
1107 1897 1218 1957 tamen
1235 1891 1408 1976 Pythodici

261 1991 380 2062 nomen
411 1998 548 2062 removit
580 2019 639 2062 nec
670 2001 756 2062 recte
787 1998 872 2062 fecit.
925 1996 1075 2083 Namque
1105 2000 1132 2064 si
1165 1999 1340 2065 statuimus
1369 2022 1409 2065 ex

259 2104 425 2169 Euclionis
449 2104 544 2169 domo
568 2127 640 2169 eum
665 2105 751 2169 exire
770 2104 909 2188 —quod
929 2103 1094 2170 dissuadet
1112 2129 1139 2171 v.
1155 2106 1220 2171 362
1237 2144 1275 2153 -
1303 2106 1409 2173 dicere

261 2211 384 2276 debuit:
419 2211 495 2296 ‘ego
525 2211 713 2276 intervisam
741 2210 816 2294 quid
850 2211 973 2276 faciant
1003 2213 1136 2277 nostri
1167 2212 1296 2299 coqui’3
1332 2220 1409 2299 post

261 2343 289 2383 v.
313 2320 474 2384 362eu1n
505 2321 539 2384 in
567 2320 675 2403 platea
702 2319 896 2383 remansisse
927 2320 983 2403 qui
1010 2323 1129 2404 putant
1155 2320 1235 2386 illud
1263 2321 1407 2388 ‘curate’

263 2448 333 2491 non
355 2427 560 2511 intellegent:
590 2447 628 2490 ex
660 2424 826 2509 Megadori
860 2425 996 2510 denique
1028 2425 1160 2491 aedibus
1191 2428 1248 2513 qui
1277 2450 1409 2515 progre-

262 2534 401 2597 dientem
426 2533 551 2597 faciunt
577 2534 628 2598 vel
658 2533 797 2597 maiores
820 2533 932 2598 turbas
956 2533 1107 2598 excitant
1151 2532 1244 2598 Adde
1267 2536 1356 2620 qnod
1374 2537 1408 2600 in

263 2640 315 2704 his
338 2640 446 2704 verbis
469 2640 553 2703 idem
582 2643 851 2703 commemoratur
879 2640 964 2723 quod
991 2640 1103 2723 paucis
1126 2642 1234 2725 tangit
1256 2642 1408 2708 Anthrax

259 2771 288 2811 r.
318 2747 397 2810 405:
430 2767 488 2809 nee
522 2744 690 2808 minimum
724 2750 951 2829 argumentum
985 2745 1081 2829 duco,
1113 2746 1199 2830 quod
1232 2749 1280 2812 sic
1312 2771 1408 2815 nemo

262 2853 424 2938 intellegit
466 2853 549 2916 unde
584 2853 667 2925 mira
703 2852 761 2916 illa
800 2874 935 2917 scaenae
972 2854 1204 2937 superscriptio
1241 2857 1322 2919 nata
1358 2856 1409 2920 sit

261 2959 396 3023 Praeter
418 2960 502 3024 hanc
526 2959 750 3023 difficultatem
775 2957 944 3023 Aulularia
963 2959 1027 3024 alia
1050 2960 1179 3025 laborat
1198 2960 1320 3028 dudum
1339 2986 1407 3048 per·

261 3071 373 3152 specta
396 3089 454 3132 nec
477 3067 552 3131 dum
577 3066 734 3131 extricata
762 3087 843 3150 quae
871 3066 905 3129 in
933 3065 1053 3149 duplici
1078 3063 1212 3132 Strobili
1236 3072 1269 3133 et
1298 3069 1408 3156 Mega·

260 3175 338 3238 doro
362 3178 394 3237 et
416 3173 573 3258 Lyconidi
598 3173 767 3250 servientis
790 3194 930 3256 persona
953 3175 1009 3236 est.
1056 3170 1119 3237 Diu
1143 3177 1193 3237 est
1215 3197 1254 3239 ex
1280 3198 1344 3261 quo
1367 3177 1407 3242 ad

260 3281 523 3347 retractationem
545 3279 630 3345 hanc
649 3302 717 3344 rem
742 3282 887 3364 spectare
907 3278 987 3342 mihi
1006 3278 1139 3345 videbar
1164 3280 1365 3348 intellexisse
1373 3280 1407 3369 ³),

260 3412 356 3472 quam
375 3389 591 3472 suspicionem
607 3390 652 3453 eis
663 3410 745 3473 quae
759 3386 854 3451 modo
865 3386 932 3450 dixi
942 3386 1071 3471 egregie
1085 3387 1271 3453 confirmari
1280 3411 1408 3456 censeo:

261 3497 347 3580 quod
370 3502 480 3560 tamen
500 3496 672 3580 Lyconidis
693 3495 775 3560 servi
800 3516 919 3559 nomen
943 3493 1114 3558 sollicitavi
1138 3495 1184 3559 eis
1208 3517 1293 3580 quae
1312 3496 1407 3561 attuli

263 3605 429 3668 refutatur.
476 3603 578 3667 Immo
607 3604 746 3686 priorem
774 3608 899 3685 partem
922 3604 1130 3668 retractatam
1153 3623 1240 3666 nunc
1263 3602 1407 3669 dixerim.

260 3710 306 3774 Ut
332 3712 415 3774 enim
440 3711 474 3774 in
494 3709 596 3775 Stichi
614 3711 720 3793 prima
739 3730 855 3773 scaena
873 3711 1009 3792 utraque
1028 3709 1170 3773 recensio
1190 3709 1335 3775 conflata
1352 3714 1409 3792 est,

261 3814 294 3877 id
324 3815 409 3899 quod
441 3816 490 3879 vel
521 3818 654 3881 nomina
683 3816 809 3880 diversa
839 3818 1015 3898 testantur,
1052 3815 1100 3878 ita
1127 3815 1212 3880 idem
1242 3814 1307 3881 hoc
1338 3816 1407 3881 loeo

339 4062 364 4125 1)
384 4058 423 4113 Cf.
444 4077 515 4127 quae
534 4060 677 4130 disputavi
696 4064 756 4116 Aet.
777 4061 838 4116 Soc.
857 4061 924 4131 phil.
945 4061 1021 4131 Lips.
1040 4061 1095 4117 vol.
1115 4060 1154 4114 Vl
1173 4079 1201 4131 p.
1222 4067 1273 4116 311
1295 4080 1336 4132 sq.

335 4142 362 4207 2)
383 4138 608 4207 Pythodicum
623 4158 733 4195 serrum
748 4144 850 4196 vocant
870 4140 939 4207 Fa,
954 4141 1149 4196 Fitodieum
1162 4141 1224 4197 BJ.
1252 4141 1344 4197 Erant
1360 4140 1406 4211 qui

265 4217 482 4274 Pithodiounr
498 4219 668 4286 praeferrent
686 4223 731 4275 vel
746 4220 962 4275 Philonicum
980 4223 1025 4276 vel
1040 4221 1276 4288 Philodicum3
1296 4220 1405 4276 Philo·

263 4302 365 4354 situm
395 4298 495 4351 maluit
518 4297 657 4367 Gertzius,
687 4300 913 4355 Alfit-odicum
937 4301 1090 4371 Ussingius
1137 4301 1317 4357 Probabilior
1337 4299 1405 4355 mihi

264 4376 631 4446 l'ythodicusseriptura
650 4379 709 4433 visa
728 4383 783 4434 cst:
803 4383 851 4435 sed
871 4399 929 4436 ram
948 4382 1086 4437 incertam
1104 4398 1164 4438 esse
1184 4382 1317 4439 concedo.

337 4461 363 4518 3)
383 4457 424 4514 Cf.
443 4461 515 4515 Acta
534 4459 594 4514 Soc.
615 4458 682 4526 phil.
702 4459 775 4532 Lips.
799 4465 853 4519 vol.
874 4464 912 4518 Vl
931 4482 957 4533 p.
978 4468 1038 4519 312.
