2948 5594
77 800 118 856 [v
137 807 165 870 s,
183 804 290 856 se-ao
555 799 759 857 Blccffloes
1185 801 1228 865 85

80 963 133 1029 De
156 963 302 1028 ducentis
326 963 468 1029 crimmis
495 963 637 1049 primum
665 963 831 1029 intendam
859 964 1025 1029 ballistam
1053 963 1087 1029 in
1110 987 1228 1030 senem.

77 1070 131 1135 lot
154 1070 286 1135 ballista
310 1068 341 1135 si
360 1076 549 1155 peruortam
573 1070 688 1135 tritrim
712 1075 745 1136 et
768 1071 1029 1156 propugnetcula,
1177 1087 1228 1135 710

78 1177 183 1242 Recta
201 1181 298 1261 porta
311 1177 462 1243 incidam
481 1177 644 1262 extemplo
664 1177 697 1241 in
717 1177 870 1262 oppidum
886 1178 1053 1262 antiquom
1072 1179 1106 1242 et
1119 1182 1227 1242 uetus:

78 1281 116 1348 Si
138 1282 171 1348 id
195 1305 309 1369 capso,
331 1284 472 1368 geritote
496 1283 608 1348 amicis
630 1284 752 1348 uostris
777 1305 890 1348 aurum
914 1283 1081 1366 corbibus,

78 1387 171 1456 Sicut
194 1390 321 1456 animus
345 1393 463 1475 sperat

562 1476 743 1531 Prsroctravs

464 1568 561 1652 Apud
583 1572 650 1633 test
673 1568 799 1633 inimus
823 1573 948 1649 noster,
972 1566 1138 1653 Chrysalo.

680 1709 714 1743 LV

78 1782 175 1848 Nrtno
199 1786 234 1847 tu
259 1782 313 1847 abi
335 1781 437 1865 intro,
465 1690 729 1864 ΡίεῐοοῗζέῖΔαΞ
750 1780 944 1847 Batcchidem
974 1783 1071 1865 atque
1097 1781 1182 1846 ecfer

931 1887 997 1952 cito
1018 1935 1026 1950 .
1045 1937 1051 1951 .
1071 1937 1079 1953 .
1099 1937 1106 1952 .

562 1973 742 2027 Pirroccsavs

77 2046 186 2126 Quid?

574 2130 729 2187 Onerariae

182 2224 314 2304 Stilum,
336 2246 441 2290 ceram
466 2227 499 2289 et
523 2224 676 2309 tabellas,
698 2222 809 2289 linum.

561 2345 741 2400 Pmroctmrvs

756 2428 825 2493 Iam
850 2429 926 2493 faxo
950 2426 1004 2493 hio
1025 2433 1126 2495 erunt.
1172 2445 1223 2494 715

555 2522 744 2578 Mararmcnrs

77 2615 162 2694 Quid
186 2637 273 2682 nunc
296 2638 330 2681 es
352 2615 517 2681 factrirus?
542 2616 594 2680 dic
616 2615 670 2681 mi.

573 2734 727 2791 Gnarsmvs

664 2827 738 2911 Dic,
762 2832 963 2892 coctumnest
986 2827 1180 2911 prrindium?

78 2920 294 2928 *-

149 2984 209 3034 712.
245 2978 287 3046 Cf.
315 2979 418 3049 plosaa,
446 2995 528 3047 qaam
559 2978 612 3033 bac
638 2978 773 3032 revocavit
805 2976 932 3030 Loewr'as
964 2976 1062 3031 Radr.
1093 2993 1122 3045 p.
1151 2981 1222 3032 264.-
1331 3001 1333 3006 ·

74 3072 207 3128 capso:
224 3073 324 3126 cepero

148 3207 209 3256 709.
230 3198 399 3254 Deducentis
417 3198 480 3252 BD
569 3198 748 3253 intendebam
768 3200 866 3252 citium
885 3197 1078 3252 Gronoviarrae
1162 3199 1221 3252 bal-

74 3282 172 3336 listam
197 3280 253 3334 D¹.·
280 3279 425 3349 ballistam
449 3279 498 3332 12³.
528 3277 659 3332 balistam
683 3279 705 3344 (l
724 3295 783 3346 sup.
807 3295 832 3333 v.
856 3294 935 3332 erasa
958 3278 998 3344 B)
1026 3278 1119 3331 ΒΓΖ

76 3368 137 3416 710.
158 3359 200 3414 Ee
218 3358 323 3414 balista
337 3359 373 3413 B.
398 3357 561 3413 stabellista
575 3359 603 3414 0.
630 3359 819 3426 etabellistam
838 3375 872 3412 ex
890 3358 1082 3413 etaballistum
1101 3376 1168 3414 corr.
1185 3361 1221 3413 D.

76 3448 107 3496 et
126 3438 232 3494 balista
252 3439 312 3506 ΕΖ
416 3437 459 3509 sip
479 3439 633 3493 uortamG
735 3447 793 3493 711.
814 3439 916 3493 Fracta
934 3440 1017 3505 porta
1035 3439 1222 3509 Kirsalirtpr'us

75 3519 383 3591 Symb.pbrlol.Borm.
396 3537 425 3587 p.
441 3523 496 3573 840
551 3517 664 3587 opidum
676 3519 706 3572 F
757 3519 880 3572 anticum
896 3518 992 3572 BGD.
1008 3519 1154 3587 antiquum
1166 3520 1224 3572 ΡΖ

132 3606 192 3654 712.
207 3599 240 3653 Id
254 3597 278 3652 si
293 3617 316 3653 c.
332 3615 355 3653 a.
371 3618 397 3652 u.
413 3598 533 3667 geritote
548 3600 666 3654 Bothius
721 3598 822 3653 uostris
836 3600 911 3653 13¹0.
932 3599 1033 3652 nostris
1047 3599 1187 3653 B²DFZ

76 3679 208 3734 corbibus
221 3678 325 3732 BOD'
339 3685 363 3733 et
378 3678 428 3734 12³.
444 3679 574 3733 cordibus
585 3680 633 3733 D¹.
650 3680 779 3734 cornibus
795 3679 831 3732 F.
847 3696 894 3732 cor
908 3680 945 3732 Z:
965 3680 1025 3732 vidc
1039 3681 1076 3734 ad
1092 3697 1114 3733 r.
1133 3698 1171 3748 sq.

75 3765 138 3814 713.
160 3759 238 3814 Sicut
257 3759 366 3812 animus
385 3763 479 3828 sperat
493 3759 623 3828 Scioppio
642 3765 751 3813 auctore
768 3760 895 3815 Boetius.
916 3757 987 3812 sicui
1001 3760 1111 3812 animus
1128 3764 1222 3828 sperat

75 3838 209 3894 BODF.
229 3844 324 3908 sperat
343 3840 393 3893 bus
413 3837 437 3892 si
456 3838 501 3893 cui
520 3839 629 3893 animus
646 3839 677 3893 Z.
698 3839 728 3892 si
747 3839 812 3907 quoi
832 3841 945 3908 superat
964 3839 1073 3891 animus
1092 3840 1222 3892 Acidalio

74 3920 350 3974 acerrimorum.
372 3919 426 3973 Sed
446 3919 512 3987 quoi
532 3919 641 3972 animus
661 3920 755 3988 sperat
773 3921 870 3973 vitiam
885 3919 1079 3972 Gronocianae
1135 3919 1220 3973 Mncs.

76 3998 162 4069 Apud
183 3998 355 4054 Fritzsctius
372 3998 456 4054 Anat.
479 3999 522 4054 Pl.
543 4002 581 4065 (a.
602 4003 686 4061 1846)
700 4016 729 4067 p.
751 4004 768 4053 7
840 4001 896 4052 test
914 3998 948 4051 B.
968 4000 997 4051 te
1017 3999 1059 4050 est
1077 3999 1177 4065 reliqui

74 4079 228 4134 amicust*
325 4079 445 4133 chrisale
463 4078 552 4132 BGD
656 4084 715 4132 714.
740 4077 872 4150 ecfercito
894 4076 922 4130 Ο.
949 4093 979 4129 ec
999 4075 1098 4128 ferbito
1116 4081 1159 4140 (ec
1178 4076 1220 4130 fer

74 4204 134 4259 cito
148 4203 189 4271 Β)
207 4203 301 4257 B¹D¹.
322 4149 354 4275 bc
372 4201 413 4256 far
428 4203 484 4257 cito
499 4201 546 4255 13¹.
562 4199 630 4256 affer
644 4202 699 4256 cito
714 4202 763 4255 9³.
781 4200 847 4255 effer
861 4200 918 4254 cito
933 4200 991 4252 ΕΖ
1054 4205 1112 4254 715.
1129 4215 1220 4254 ceram

73 4288 105 4338 et
128 4283 249 4338 tabellas
279 4282 366 4338 linum
393 4282 490 4337 BUD.
520 4298 611 4336 cerem
634 4288 724 4347 (ceras
743 4283 778 4348 Ζ)
801 4286 830 4336 et
852 4281 973 4335 tabellas
993 4282 1022 4334 et
1044 4281 1131 4334 linum
1156 4282 1220 4337 ΓΖ.

73 4381 183 4431 coram,
208 4363 342 4429 tabellas,
367 4363 455 4417 linum
480 4363 611 4427 Bottias,
637 4363 801 4417 Bitschelius
917 4360 1018 4416 Stilum
1045 4366 1074 4415 et
1092 4364 1221 4432 tabellas,

73 4460 185 4511 ceram,
208 4442 297 4497 linum
322 4443 466 4510 Uaairspr'us
556 4442 613 4512 Pl]
633 4441 696 4496 ΜΝ,
716 4443 805 4497 1301)
895 4441 957 4507 fero
976 4445 1013 4501 (et
1031 4459 1048 4495 a
1065 4459 1125 4512 sup.
1146 4459 1173 4509 p)
1192 4445 1222 4500 D

148 4529 209 4578 716.
229 4523 340 4578 Person.
361 4539 410 4577 om.
431 4522 521 4576 BOD
592 4523 637 4575 dic
661 4522 708 4575 mi.
729 4521 809 4577 CHR.
835 4523 899 4575 Dic:
923 4525 1096 4577 coctumnest
1114 4526 1220 4591 scripsi.

73 4604 103 4660 id
122 4603 194 4657 mihi
214 4603 283 4657 dice.
305 4601 387 4657 CHR.
406 4602 522 4657 coctum
547 4607 573 4655 st
592 4603 627 4658 B.
651 4602 679 4655 id
699 4600 769 4656 mihi
783 4603 852 4656 dice.
872 4602 951 4656 ΘΗΚ.
972 4606 1082 4657 coctum
1096 4604 1220 4657 (coetum

71 4687 116 4752 D)
133 4683 259 4738 ODFZ.
279 4683 307 4736 id
328 4681 397 4736 mihi
417 4682 470 4738 dio.
490 4683 571 4737 CHR.
592 4686 701 4737 coctum
721 4689 781 4737 esto
796 4700 856 4736 cum
871 4683 1032 4736 Hermanno
1048 4683 1219 4736 Ititscbelias.

71 4765 104 4819 id
125 4763 195 4818 mihi
213 4761 285 4827 dice,
305 4764 443 4816 coctumst
464 4762 644 4817 Gronovirma
657 4780 739 4830 prox.
758 4780 781 4817 v.
804 4763 936 4831 Chrysalo
955 4765 1082 4816 tribuens.
1108 4761 1153 4814 dic
1173 4761 1219 4815 mi.

72 4845 158 4900 cffit
178 4843 296 4898 Coctum
316 4842 340 4896 ai
363 4844 417 4897 erit
434 4843 570 4898 Beclcrrao
593 4841 775 4896 Studemarrdi
792 4841 872 4895 siud.
896 4842 946 4896 col.
966 4843 986 4894 I
1002 4845 1113 4909 p.127.
1137 4839 1219 4895 CHlt.

69 4926 104 4980 ld
125 4923 196 4979 mihi
214 4921 290 4978 dice:
310 4925 449 4977 coctumst
467 4922 634 4992 prandium?
658 4921 800 4988 Ussinptus
