2948 5594
173 303 237 366 132
650 301 837 358 APPENDIX
1217 308 1312 358 17-48

262 470 304 518 17.
325 461 415 533 primo
434 464 538 533 ‘prisea
552 463 640 517 lectio’
657 463 713 517 Pii.
742 462 884 532 primatim
900 463 1070 531 Goldastius‚
1083 465 1178 532 prima
1193 464 1314 519 Oceanus

172 545 253 598 abusi
280 546 420 612 scriptura
445 542 610 613 primatum:
638 544 687 597 ubi
709 544 872 597 stillatum
894 550 933 598 est
955 561 988 599 ec
1011 551 1170 599 correctura
1196 547 1260 600 olim
1281 547 1314 599 ml

170 640 193 676 u.
214 625 473 691 asperrumum
493 623 649 692 flagitorem
668 625 700 676 ia
718 623 793 679 codd.
820 623 879 678 VE
894 625 1045 694 archetypo.

260 709 301 758 20.
326 705 463 758 Absentes
490 705 607 774 prosunt
632 703 682 757 sed
704 704 800 756 tamen
825 702 953 775 Pylades.
991 703 1045 758 Sed
1070 704 1202 758 absentes
1226 706 1313 758 tsmcn

171 786 289 852 prosunt
318 784 502 839 Camerarius.
528 815 560 823 —
588 783 715 852 prosient
740 784 934 852 praesentibus
962 784 1090 840 Botlrius.
1128 787 1247 854 prosunt
1272 783 1314 837 hic

170 864 365 930 praesentibus
389 882 450 919 cum
473 865 563 918 eodem
586 862 750 918 Bitsclcelius
774 863 887 932 Parerp.
902 881 932 933 p.
953 868 1016 919 181.
1053 867 1175 932 prosunt
1194 865 1225 918 et
1241 879 1313 932 pree·

171 941 295 997 sentibus
320 943 472 1013 Geppertus
495 946 541 1012 (cf.
566 944 667 997 Ballas
689 959 802 1012 pramm.
822 943 866 997 Pl.
887 944 909 996 I
920 959 950 1013 p.
970 946 1024 1014 9).
1044 943 1134 1013 prode
1159 945 1224 997 sunt
1241 959 1314 1011 prac-

171 1022 296 1076 sentibus
312 1024 438 1079 Laeuius
452 1026 537 1078 Amal.
553 1023 596 1078 Pl.
606 1040 637 1092 p.
651 1027 708 1078 202
721 1038 760 1089 sq.
797 1023 862 1074 sunt
880 1040 931 1091 pro
950 1023 1147 1092 praesentibus
1166 1024 1315 1093 explicabat

170 1102 200 1157 S.
218 1102 328 1157 Rosius.
366 1108 483 1174 prosunt
505 1120 573 1173 prae
598 1101 792 1172 praesentibus
816 1103 959 1157 Palmerus
978 1103 1122 1158 Hamatlu
1143 1104 1314 1173 11111447,

168 1183 241 1251 quod
263 1186 312 1253 qui
331 1186 524 1254 praetulerunt
547 1187 665 1254 prosunt
688 1184 798 1239 verbum
823 1185 1000 1254 impleuerant
1019 1201 1074 1255 pro
1097 1201 1153 1255 quo
1172 1184 1315 1254 splendent

169 1264 211 1316 oet
237 1265 291 1318 tale
318 1266 386 1333 quiet
413 1266 586 1321 desiderares.
624 1265 694 1320 Moe
721 1280 781 1318 esso
810 1266 921 1318 oratum
950 1265 1016 1319 uolo
1039 1264 1313 1334 Leuctricam

167 1342 303 1411 probante
324 1343 442 1400 Grutero
461 1345 540 1414 Susp.
561 1347 622 1400 ΙΙΙ
635 1351 661 1400 3.
698 1345 794 1400 oratos
812 1345 894 1398 ctiam
911 1344 961 1398 Pii
981 1345 1111 1414 ‘antiqua
1129 1344 1313 1414 exemplaria&

259 1427 301 1477 23.
320 1421 424 1478 Diicite
447 1426 501 1491 des.
520 1425 668 1480 Meursius.
703 1424 744 1490 Of.
764 1423 914 1493 Laapeaus
932 1425 1037 1479 Auual.
1053 1426 1156 1494 philol.
1170 1423 1314 1479 CXXVII

164 1519 194 1570 p.
215 1505 278 1556 692.
298 1533 332 1542 -
351 1503 393 1556 Ex
420 1504 514 1558 animo
536 1523 631 1560 curum
651 1507 736 1572 atque
755 1519 802 1559 aes
820 1503 944 1560 alienum
961 1503 1057 1559 ducite
1075 1505 1206 1576 Pylades.
1225 1536 1259 1546 -
1277 1506 1314 1559 De

169 1586 216 1634 aes
235 1584 317 1651 copit.
338 1583 516 1639 Camerarius
535 1587 618 1653 (uude
636 1601 729 1638 curum
749 1601 860 1639 omnem
879 1588 963 1654 atque
983 1586 1109 1640 alienum
1129 1602 1178 1641 ses
1197 1588 1314 1654 Parae),

168 1662 201 1715 de
224 1678 304 1715 curas
329 1662 490 1733 Speupelius
514 1664 545 1720 Τ.
569 1666 612 1719 Μ.
635 1665 667 1718 Ρ.
688 1682 717 1733 p.
737 1669 792 1719 136
817 1666 989 1734 improbante
1013 1665 1152 1736 Gepperto
1177 1667 1313 1730 ‘Zsctat

171 1739 307 1810 Gymuw!
326 1742 390 1796 XX
399 1764 429 1814 p.
443 1748 499 1801 209
519 1750 543 1799 et
562 1745 696 1800 Muellero
714 1744 793 1799 Pras.
809 1760 838 1814 p.
858 1750 926 1812 520,
944 1748 993 1815 qui
1011 1763 1108 1801 curum
1128 1749 1215 1815 atque
1233 1747 1313 1815 aegri·

169 1821 297 1876 tudinem
316 1825 385 1878 coui.
402 1843 433 1893 p.
453 1830 519 1880 513.
555 1826 595 1880 Iu
611 1826 666 1893 fine
683 1843 707 1879 v.
727 1827 818 1895 suppl.
838 1825 920 1880 decet
938 1829 974 1894 (et
992 1831 1074 1880 autea
1092 1824 1204 1895 Eicere)
1223 1826 1312 1880 Loma

169 1917 223 1954 uus
232 1918 263 1970 p.
275 1907 339 1969 158,
355 1904 452 1973 procul
463 1905 622 1976 Geppertus,
637 1905 694 1959 cito
703 1904 841 1974 Berytius
851 1905 961 1960 ‘licitu'
968 1923 998 1975 p.
1010 1909 1065 1960 117
1078 1911 1104 1960 et
1114 1905 1310 1961 Lachmaaaas.

173 1984 245 2037 Moe
263 1984 358 2038 datust
378 1983 560 2039 Camerarius.
597 1986 641 2038 est
660 1984 742 2039 datus
760 1985 873 2039 Parcus.

260 2069 303 2118 26.
323 2064 409 2119 Hauc
426 2081 531 2119 uersum
550 2069 614 2119 aute
631 2082 657 2118 v.
671 2069 710 2119 25
729 2064 819 2118 collos.
836 2063 994 2133 chpertue
1024 2066 1068 2120 Dc
1086 2064 1164 2120 circs
1181 2066 1310 2122 abeodem

172 2144 288 2213 aliisque
314 2149 421 2213 recepto
447 2146 482 2211 cs.
506 2146 649 2200 Abraham
672 2144 752 2199 Stud.
776 2144 819 2197 Pl.
840 2161 869 2213 p.
889 2148 954 2200 208.
991 2145 1036 2200 De
1063 2145 1174 2201 ratione
1205 2149 1310 2201 utuntur

170 2219 251 2276 Bosii
279 2221 463 2292 Lambiaioue
490 2224 611 2291 artificia
638 2225 753 2292 explosit
781 2225 935 2280 Acidaliae.
960 2256 993 2265 —
1018 2225 1050 2280 V.
1069 2231 1105 2280 28
1134 2227 1254 2282 reddunt
1279 2224 1308 2278 ob

171 2302 240 2354 item
258 2301 363 2357 nemini
381 2304 449 2357 mire
468 2304 654 2359 Mommseuus
673 2305 690 2358 1.
705 2320 726 2357 3.
741 2320 761 2358 s.
773 2322 803 2374 p.
819 2309 881 2360 126.
909 2305 1031 2360 reddunt
1048 2322 1197 2360 nummum
1215 2304 1308 2360 nemini

170 2379 216 2437 S.-
235 2382 270 2448 cs.
286 2379 378 2450 praes.
422 2383 489 2438 Vide
507 2384 655 2439 Haadium
677 2385 792 2439 Turseli.
812 2385 833 2438 1
848 2403 877 2454 p.
898 2391 961 2441 578.

258 2468 301 2516 29.
326 2463 440 2518 uotiuue
469 2482 529 2519 cum
556 2466 696 2520 Beroaldo
723 2470 748 2519 et
775 2466 886 2520 Alciato
913 2467 995 2520 etiam
1022 2466 1093 2521 Rob.
1126 2467 1217 2522 Titius
1235 2467 1305 2520 115.

170 2544 278 2597 notitae
300 2543 463 2599 Gulielmius
478 2546 563 2599 Veris.
582 2546 604 2598 I
619 2550 662 2599 14.
699 2544 816 2600 uaciuao
835 2562 896 2600 cum
916 2545 1053 2602 Lamtiuo
1068 2549 1123 2602 loo
1139 2546 1305 2602 Villiomarus

166 2631 191 2678 et
227 2625 304 2679 Guil.
341 2625 473 2680 Oauterus
505 2626 542 2680 N.
571 2628 588 2679 l.
618 2626 659 2678 II
679 2631 725 2682 20.
772 2625 811 2691 Cf.
841 2626 1007 2681 Ritsclcelius
1039 2627 1111 2682 Nou.
1141 2645 1196 2682 eac.
1226 2628 1268 2681 Pl.
1291 2624 1307 2676 Ι

166 2709 302 2774 [15935.
324 2707 389 2760 adu.

257 2792 291 2839 30
306 2802 360 2855 sqq.
381 2784 548 2840 Comoedias
568 2786 650 2839 huius
669 2803 771 2841 nomen
787 2788 913 2857 Pylades.
952 2786 1120 2842 Comoedias
1140 2788 1198 2842 iam
1216 2804 1303 2842 nomen

170 2865 351 2921 Camerarius.
372 2868 523 2921 Proxima
541 2868 610 2920 ruale
625 2868 765 2921 coutram't
783 2867 908 2937 Pylades.
924 2899 956 2907 -—
978 2869 1009 2922 V.
1025 2875 1059 2922 33
1074 2869 1208 2937 postidea
1222 2869 1304 2922 Meur-

167 2946 228 2997 sius
246 2951 270 2998 et
288 2948 452 3001 Acidalius:
470 2948 505 3012 cf.
525 2947 690 3001 Ritsclielius
710 2948 808 3015 Opusc.
828 2949 869 3000 ΙΙ
879 2966 910 3017 p.
931 2954 992 3002 553.
1011 2953 1076 3003 269.

255 3030 296 3080 35.
318 3027 396 3080 Senis
409 3027 455 3079 hic
468 3027 584 3081 Gestatus
594 3028 717 3096 (itemque
727 3044 814 3095 nuper
827 3028 1157 3097 0.Ketlerus1uu.ptit.
1172 3029 1279 3083 CXXX
1287 3027 1304 3078 l'

162 3120 191 3170 p.
202 3107 255 3157 451
264 3120 329 3174 sqq„
340 3113 451 3174 practer
467 3108 618 3174 rationem).
631 3111 719 3161 -est
733 3106 759 3160 ei
775 3107 847 3162 filius
859 3108 978 3177 Pylades
988 3108 1068 3175 (idem
1078 3125 1103 3161 c.
1115 3115 1149 3161 37
1160 3107 1212 3161 Est
1226 3112 1252 3161 ct
1265 3106 1301 3167 111,

167 3214 198 3222 -
215 3184 246 3237 V.
266 3191 300 3238 86
320 3187 345 3238 Is
365 3203 428 3240 cum
447 3190 526 3256 patre
546 3203 602 3240 unu
615 3188 741 3241 Botlcius.
758 3217 790 3226 -
805 3186 835 3240 V.
852 3193 885 3240 37
906 3203 999 3240 seruos
1020 3187 1135 3258 quidum
1155 3189 1300 3256 Geppcrtus.

255 3271 297 3318 41.
322 3268 393 3320 adiit
415 3268 542 3338 Pylades.
569 3298 602 3305 -
628 3268 788 3336 extempulo
813 3267 873 3321 adit
896 3268 931 3321 ad
956 3267 1102 3322 mulierem
1127 3269 1232 3322 Parcus
1254 3267 1303 3335 (qui

165 3346 258 3398 debuit
286 3347 321 3400 ad
349 3348 495 3401 mulierem
524 3345 585 3401 adit
613 3346 793 3415 extempulo).
832 3346 952 3400 Getarum
977 3362 1000 3402 u.
1020 3353 1055 3400 40
1083 3348 1205 3416 primulo
1234 3351 1302 3400 etiam

166 3425 317 3479 Muellerus
335 3428 440 3481 tumuit
458 3428 536 3481 Pras.
552 3445 582 3496 p.
603 3432 661 3482 529
679 3429 744 3481 adu.
765 3427 816 3495 (vel
834 3425 925 3496 primo
945 3443 1008 3480 cum
1028 3429 1076 3493 cr.)
1096 3435 1121 3481 ct
1135 3428 1303 3498 Bruqmaaus

166 3506 199 3558 <lc
221 3507 301 3560 iumb.
324 3524 378 3560 seu.
394 3526 424 3575 p.
443 3511 480 3561 32
498 3509 565 3562 duce
584 3508 734 3562 Ritsclielio
755 3508 852 3576 Opusc.
873 3508 914 3561 ΙΙ
925 3525 954 3576 p.
975 3511 1033 3562 276
1052 3508 1118 3561 adu.
1140 3540 1171 3547 —
1193 3510 1302 3563 Cetemu

164 3587 196 3638 (lc
215 3604 238 3638 o.
258 3593 292 3638 44
311 3589 345 3652 cf.
368 3589 521 3642 Muellerus
540 3588 617 3643 Pras.
632 3607 663 3658 p.
683 3595 728 3643 60.
749 3619 781 3627 -
803 3589 833 3644 V.
853 3596 888 3642 46
907 3604 991 3658 quam
1017 3588 1040 3641 si
1059 3590 1141 3643 etiam
1163 3590 1302 3652 meur-uu,

165 3666 245 3731 quusi
265 3666 288 3718 si
308 3667 450 3721 Beutleius
469 3669 513 3723 aci.
536 3668 596 3721 Ter.
616 3670 670 3723 Ad.
695 3668 721 3721 V
736 3675 764 3737 8,
782 3675 827 3723 18.

253 3751 296 3798 41.
316 3744 468 3813 Postquam
493 3763 558 3801 uero
584 3748 711 3817 Pylades.
749 3749 903 3818 Postquam
927 3751 996 3802 haec
1018 3749 1161 3817 Aripelius.
1201 3749 1301 3804 Postea·

163 3838 247 3887 quam
278 3824 467 3881 Camerarius:
495 3828 530 3892 cs.
559 3827 724 3883 Bitschelius
752 3829 849 3898 Opusc.
876 3829 914 3881 II
929 3846 959 3897 p.
985 3834 1046 3881 547.
1084 3828 1137 3883 Illa
1165 3833 1301 3897 postquam

163 3901 283 3954 Reirius.
321 3903 362 3956 Eo
387 3908 536 3973 postquam
560 3908 701 3963 Lomauus
718 3928 745 3977 p.
766 3914 820 3963 158
834 3927 872 3978 sq.
891 3910 997 3962 hiatum
1016 3915 1108 3962 taurea
1127 3911 1302 3975 acroama

164 3979 318 4048 Postquam
347 4000 381 4037 eo
409 3986 460 4055 [sic
487 3987 654 4043 Ritsclielius
682 3989 794 4057 Parerp.
816 4006 845 4058 p.
865 3995 922 4044 236
936 4006 973 4057 sp.
1002 4005 1063 4042 cum
1088 3991 1128 4059 A]
1157 3991 1303 4058 improbam

161 4061 300 4129 (similiter
318 4065 521 4121 Darumauuus
537 4087 565 4136 p.
586 4074 633 4134 23,
648 4070 704 4136 al).
725 4100 758 4107 -
779 4069 814 4122 ud
834 4087 896 4124 eam
916 4070 1048 4135 aetatem,
1068 4070 1111 4122 uti
1131 4068 1302 4123 Caumarius.

160 4143 198 4274 iii
219 4147 429 4278 ‘iiimssaemem’
449 4146 496 4217 qui
517 4150 653 4204 Luclcsius
671 4151 703 4203 iu
722 4151 842 4204 Student.
862 4149 938 4203 Sturl.
960 4149 981 4201 Ι
994 4165 1024 4218 p.
1045 4153 1092 4205 el.
1132 4149 1300 4203 1111113311-

201 4266 206 4288 ,
248 4267 334 4372 48311.
359 4309 468 4374 posset,
494 4327 588 4363 amare
612 4328 674 4365 eam
698 4309 821 4380 puellam
845 4309 891 4363 hic
915 4326 999 4363 senex
1023 4308 1160 4363 Efflictim
1186 4308 1300 4377 occoepit

161 4381 280 4449 Pylades
299 4388 421 4458 itemque,
440 4391 487 4442 sed
505 4391 629 4458 puellum
645 4408 705 4446 eum
721 4397 746 4446 et
760 4390 863 4458 coepit,
878 4389 999 4446 Reieius.
1016 4421 1048 4429 -
1065 4397 1096 4444 ut
1110 4393 1232 4460 puellam
1248 4405 1298 4442 eam
